{"bids": [[7452.88, 0.0002], [7452.86, 0.12830745], [7451.56, 0.2], [7449.3, 0.9926], [7448.26, 4.8], [7447.6, 1.0], [7447.1, 0.748], [7445.54, 1.0], [7444.5, 0.672], [7443.81, 1.0]], "asks": [[7453.09, 2.0], [7453.1, 0.45], [7454.0, 0.44985717], [7454.21, 1.0], [7454.29, 0.2], [7454.52, 1.0], [7455.51, 0.45], [7455.57, 0.004447], [7455.79, 0.9811], [7456.25, 1.0]], "ts": 1571906546819}
{"bids": [[7452.88, 0.0002], [7452.86, 0.12830745], [7451.56, 0.2], [7449.3, 0.9926], [7448.26, 4.8], [7447.6, 1.0], [7447.1, 0.748], [7445.54, 1.0], [7444.5, 0.672], [7443.81, 1.0]], "asks": [[7453.09, 2.0], [7453.1, 0.45], [7454.0, 0.44985717], [7454.21, 1.0], [7454.29, 0.2], [7454.52, 1.0], [7455.51, 0.45], [7455.57, 0.004447], [7455.79, 0.9811], [7456.25, 1.0]], "ts": 1571906546829}
{"bids": [[7452.88, 0.0002], [7452.86, 0.12830745], [7449.3, 0.9926], [7448.26, 4.8], [7447.6, 1.0], [7447.1, 0.748], [7445.54, 1.0], [7444.5, 0.672], [7443.81, 1.0]], "asks": [[7453.09, 2.0], [7453.1, 0.45], [7454.0, 0.44985717], [7454.21, 1.0], [7454.29, 0.2], [7454.52, 1.0], [7455.51, 0.45], [7455.57, 0.004447], [7455.79, 0.9811], [7456.25, 1.0]], "ts": 1571906546837}
{"bids": [[7452.88, 0.0002], [7452.86, 0.12830745], [7449.3, 0.9926], [7448.26, 4.8], [7447.6, 1.0], [7447.1, 0.748], [7445.54, 1.0], [7444.5, 0.672], [7443.81, 1.0]], "asks": [[7453.09, 2.0], [7453.1, 0.45], [7454.0, 0.44985717], [7454.21, 1.0], [7454.52, 1.0], [7455.51, 0.45], [7455.57, 0.004447], [7455.79, 0.9811], [7456.25, 1.0]], "ts": 1571906546843}
{"bids": [[7452.88, 0.0002], [7452.86, 0.12830745], [7449.3, 0.9926], [7448.26, 4.8], [7447.6, 1.0], [7447.1, 0.748], [7445.54, 1.0], [7444.5, 0.672], [7443.81, 1.0]], "asks": [[7453.09, 2.0], [7453.1, 0.45], [7454.0, 0.44985717], [7454.21, 1.0], [7454.52, 1.0], [7455.51, 0.45], [7455.57, 0.004447], [7455.79, 0.9811], [7456.25, 1.0], [7457.22, 4.8]], "ts": 1571906546849}
{"bids": [[7452.88, 0.0002], [7452.86, 0.12830745], [7451.03, 0.2], [7449.3, 0.9926], [7448.26, 4.8], [7447.6, 1.0], [7447.1, 0.748], [7445.54, 1.0], [7444.5, 0.672], [7443.81, 1.0]], "asks": [[7453.09, 2.0], [7453.1, 0.45], [7454.0, 0.44985717], [7454.21, 1.0], [7454.52, 1.0], [7455.51, 0.45], [7455.57, 0.004447], [7455.79, 0.9811], [7456.25, 1.0], [7457.22, 4.8]], "ts": 1571906546855}
{"bids": [[7452.88, 0.0002], [7452.86, 0.12830745], [7451.03, 0.2], [7449.3, 0.9926], [7448.26, 4.8], [7447.6, 1.0], [7447.1, 0.748], [7445.54, 1.0], [7444.5, 0.672], [7443.81, 1.0]], "asks": [[7453.09, 2.0], [7453.1, 0.45], [7453.76, 0.2], [7454.0, 0.44985717], [7454.21, 1.0], [7454.52, 1.0], [7455.51, 0.45], [7455.57, 0.004447], [7455.79, 0.9811], [7456.25, 1.0]], "ts": 1571906546861}
{"bids": [[7452.88, 0.0002], [7452.86, 0.12830745], [7451.03, 0.2], [7449.3, 0.9926], [7448.26, 4.8], [7447.6, 1.0], [7447.1, 0.748], [7445.54, 1.0], [7444.5, 0.672], [7443.81, 1.0]], "asks": [[7453.09, 2.0], [7453.1, 0.45], [7453.76, 0.2], [7454.0, 0.44985717], [7454.21, 1.0], [7454.52, 1.0], [7455.51, 0.45], [7455.57, 0.004447], [7455.79, 0.9811], [7456.25, 1.0]], "ts": 1571906546868}
{"bids": [[7452.88, 0.0002], [7452.86, 0.12830745], [7451.03, 0.2], [7448.26, 4.8], [7447.6, 1.0], [7447.1, 0.748], [7445.54, 1.0], [7444.5, 0.672], [7443.81, 1.0]], "asks": [[7453.09, 2.0], [7453.1, 0.45], [7453.76, 0.2], [7454.0, 0.44985717], [7454.21, 1.0], [7454.52, 1.0], [7455.51, 0.45], [7455.57, 0.004447], [7455.79, 0.9811], [7456.25, 1.0]], "ts": 1571906546874}
{"bids": [[7452.88, 0.0002], [7452.86, 0.12830745], [7451.03, 0.2], [7448.26, 4.8], [7447.1, 0.748], [7445.54, 1.0], [7444.5, 0.672], [7443.81, 1.0]], "asks": [[7453.09, 2.0], [7453.1, 0.45], [7453.76, 0.2], [7454.0, 0.44985717], [7454.21, 1.0], [7454.52, 1.0], [7455.51, 0.45], [7455.57, 0.004447], [7455.79, 0.9811], [7456.25, 1.0]], "ts": 1571906546881}
{"bids": [[7452.88, 0.0002], [7452.86, 0.12830745], [7451.03, 0.2], [7448.26, 4.8], [7447.1, 0.748], [7445.54, 1.0], [7444.5, 0.672], [7443.81, 1.0]], "asks": [[7453.09, 2.0], [7453.1, 0.45], [7453.76, 0.2], [7454.0, 0.44985717], [7454.21, 1.0], [7454.52, 1.0], [7455.51, 0.45], [7455.57, 0.004447], [7455.79, 0.9811], [7456.25, 1.0]], "ts": 1571906546886}
{"bids": [[7452.88, 0.0002], [7452.86, 0.12830745], [7451.03, 0.2], [7448.26, 4.8], [7447.1, 0.748], [7445.54, 1.0], [7444.5, 0.672], [7443.81, 1.0]], "asks": [[7453.09, 2.0], [7453.1, 0.45], [7453.76, 0.2], [7454.0, 0.44985717], [7454.21, 1.0], [7454.52, 1.0], [7455.51, 0.45], [7455.57, 0.004447], [7455.79, 0.9811], [7456.25, 1.0]], "ts": 1571906546891}
{"bids": [[7452.88, 0.0002], [7452.86, 0.12830745], [7451.03, 0.2], [7448.26, 4.8], [7447.1, 0.748], [7445.54, 1.0], [7445.36, 1.0], [7444.5, 0.672], [7443.81, 1.0]], "asks": [[7453.09, 2.0], [7453.1, 0.45], [7453.76, 0.2], [7454.0, 0.44985717], [7454.21, 1.0], [7454.52, 1.0], [7455.51, 0.45], [7455.57, 0.004447], [7455.79, 0.9811], [7456.25, 1.0]], "ts": 1571906546899}
{"bids": [[7452.88, 0.0002], [7452.86, 0.12830745], [7451.03, 0.2], [7448.26, 4.8], [7447.1, 0.748], [7445.54, 1.0], [7445.36, 1.0], [7444.5, 0.672], [7443.81, 1.0]], "asks": [[7453.09, 2.0], [7453.1, 0.45], [7453.76, 0.2], [7454.0, 0.44985717], [7454.21, 1.0], [7454.52, 1.0], [7455.51, 0.45], [7455.57, 0.004447], [7455.79, 0.9811], [7456.25, 1.0]], "ts": 1571906546904}
{"bids": [[7452.88, 0.0002], [7452.86, 0.12830745], [7451.03, 0.2], [7448.26, 4.8], [7447.1, 0.748], [7445.54, 1.0], [7445.36, 1.0], [7444.5, 0.672], [7443.81, 1.0]], "asks": [[7453.09, 2.0], [7453.1, 0.45], [7453.76, 0.2], [7454.0, 0.44985717], [7454.21, 1.0], [7454.52, 1.0], [7455.51, 0.45], [7455.57, 0.004447], [7455.79, 0.9811], [7456.25, 1.0]], "ts": 1571906546909}
{"bids": [[7452.88, 0.0002], [7452.86, 0.12830745], [7451.03, 0.2], [7447.1, 0.748], [7445.54, 1.0], [7445.36, 1.0], [7444.5, 0.672], [7443.81, 1.0]], "asks": [[7453.09, 2.0], [7453.1, 0.45], [7453.76, 0.2], [7454.0, 0.44985717], [7454.21, 1.0], [7454.52, 1.0], [7455.51, 0.45], [7455.57, 0.004447], [7455.79, 0.9811], [7456.25, 1.0]], "ts": 1571906546917}
{"bids": [[7452.88, 0.0002], [7452.86, 0.12830745], [7447.1, 0.748], [7445.54, 1.0], [7445.36, 1.0], [7444.5, 0.672], [7443.81, 1.0]], "asks": [[7453.09, 2.0], [7453.1, 0.45], [7453.76, 0.2], [7454.0, 0.44985717], [7454.21, 1.0], [7454.52, 1.0], [7455.51, 0.45], [7455.57, 0.004447], [7455.79, 0.9811], [7456.25, 1.0]], "ts": 1571906546922}
{"bids": [[7452.88, 0.0002], [7452.86, 0.12830745], [7447.1, 0.748], [7445.54, 1.0], [7445.36, 1.0], [7444.5, 0.672], [7443.81, 1.0]], "asks": [[7453.09, 2.0], [7453.1, 0.45], [7454.0, 0.44985717], [7454.21, 1.0], [7454.52, 1.0], [7455.51, 0.45], [7455.57, 0.004447], [7455.79, 0.9811], [7456.25, 1.0]], "ts": 1571906546930}
{"bids": [[7452.88, 0.0002], [7452.86, 0.12830745], [7447.12, 4.8], [7447.1, 0.748], [7445.54, 1.0], [7445.36, 1.0], [7444.5, 0.672], [7443.81, 1.0]], "asks": [[7453.09, 2.0], [7453.1, 0.45], [7454.0, 0.44985717], [7454.21, 1.0], [7454.52, 1.0], [7455.51, 0.45], [7455.57, 0.004447], [7455.79, 0.9811], [7456.25, 1.0]], "ts": 1571906546935}
{"bids": [[7452.88, 0.0002], [7452.86, 0.12830745], [7450.58, 0.2], [7447.12, 4.8], [7447.1, 0.748], [7445.54, 1.0], [7445.36, 1.0], [7444.5, 0.672], [7443.81, 1.0]], "asks": [[7453.09, 2.0], [7453.1, 0.45], [7454.0, 0.44985717], [7454.21, 1.0], [7454.52, 1.0], [7455.51, 0.45], [7455.57, 0.004447], [7455.79, 0.9811], [7456.25, 1.0]], "ts": 1571906546941}
{"bids": [[7452.88, 0.0002], [7452.86, 0.12830745], [7450.58, 0.2], [7447.12, 4.8], [7447.1, 0.748], [7445.54, 1.0], [7445.36, 1.0], [7444.5, 0.672], [7443.81, 1.0]], "asks": [[7453.09, 2.0], [7453.1, 0.45], [7453.31, 0.2], [7454.0, 0.44985717], [7454.21, 1.0], [7454.52, 1.0], [7455.51, 0.45], [7455.57, 0.004447], [7455.79, 0.9811], [7456.25, 1.0]], "ts": 1571906546948}
{"bids": [[7452.88, 0.0002], [7452.86, 0.12830745], [7447.12, 4.8], [7447.1, 0.748], [7445.54, 1.0], [7445.36, 1.0], [7444.5, 0.672], [7443.81, 1.0]], "asks": [[7453.09, 2.0], [7453.1, 0.45], [7453.31, 0.2], [7454.0, 0.44985717], [7454.21, 1.0], [7454.52, 1.0], [7455.51, 0.45], [7455.57, 0.004447], [7455.79, 0.9811], [7456.25, 1.0]], "ts": 1571906546953}
{"bids": [[7452.88, 0.0002], [7452.86, 0.12830745], [7447.12, 4.8], [7447.1, 0.748], [7445.54, 1.0], [7445.36, 1.0], [7444.5, 0.672], [7443.81, 1.0]], "asks": [[7453.09, 2.0], [7453.1, 0.45], [7454.0, 0.44985717], [7454.21, 1.0], [7454.52, 1.0], [7455.51, 0.45], [7455.57, 0.004447], [7455.79, 0.9811], [7456.25, 1.0]], "ts": 1571906546960}
{"bids": [[7452.88, 0.0002], [7452.86, 0.12830745], [7451.09, 0.2], [7447.12, 4.8], [7447.1, 0.748], [7445.54, 1.0], [7445.36, 1.0], [7444.5, 0.672], [7443.81, 1.0]], "asks": [[7453.09, 2.0], [7453.1, 0.45], [7454.0, 0.44985717], [7454.21, 1.0], [7454.52, 1.0], [7455.51, 0.45], [7455.57, 0.004447], [7455.79, 0.9811], [7456.25, 1.0]], "ts": 1571906546966}
{"bids": [[7452.88, 0.0002], [7452.86, 0.12830745], [7451.09, 0.2], [7447.12, 4.8], [7447.1, 0.748], [7445.54, 1.0], [7445.36, 1.0], [7444.5, 0.672], [7443.81, 1.0]], "asks": [[7453.09, 2.0], [7453.1, 0.45], [7453.81, 0.2], [7454.0, 0.44985717], [7454.21, 1.0], [7454.52, 1.0], [7455.51, 0.45], [7455.57, 0.004447], [7455.79, 0.9811], [7456.25, 1.0]], "ts": 1571906546972}
{"bids": [[7452.88, 0.0002], [7452.86, 0.12830745], [7451.09, 0.2], [7447.12, 4.8], [7447.1, 0.748], [7445.54, 1.0], [7445.36, 1.0], [7444.5, 0.672], [7443.81, 1.0]], "asks": [[7453.09, 2.0], [7453.1, 0.45], [7453.81, 0.2], [7454.0, 0.44985717], [7454.52, 1.0], [7455.51, 0.45], [7455.57, 0.004447], [7455.79, 0.9811], [7456.25, 1.0]], "ts": 1571906546982}
{"bids": [[7452.88, 0.0002], [7452.86, 0.12830745], [7451.09, 0.2], [7447.62, 0.9788], [7447.12, 4.8], [7447.1, 0.748], [7445.54, 1.0], [7445.36, 1.0], [7444.5, 0.672], [7443.81, 1.0]], "asks": [[7453.09, 2.0], [7453.1, 0.45], [7453.81, 0.2], [7454.0, 0.44985717], [7454.52, 1.0], [7455.51, 0.45], [7455.57, 0.004447], [7455.79, 0.9811], [7456.25, 1.0]], "ts": 1571906546988}
{"bids": [[7452.88, 0.0002], [7452.86, 0.12830745], [7451.09, 0.2], [7447.62, 0.9788], [7447.12, 4.8], [7447.1, 0.748], [7445.54, 1.0], [7445.36, 1.0], [7444.5, 0.672], [7443.81, 1.0]], "asks": [[7453.09, 2.0], [7453.1, 0.45], [7453.81, 0.2], [7454.0, 0.44985717], [7454.52, 1.0], [7455.51, 0.45], [7455.57, 0.004447], [7455.79, 0.9811], [7456.25, 1.0]], "ts": 1571906546995}
{"bids": [[7452.88, 0.0002], [7452.86, 0.12830745], [7451.09, 0.2], [7447.62, 0.9788], [7447.12, 4.8], [7447.1, 0.748], [7445.54, 1.0], [7445.36, 1.0], [7444.5, 0.672], [7443.81, 1.0]], "asks": [[7453.09, 2.0], [7453.1, 0.45], [7453.81, 0.2], [7454.0, 0.44985717], [7454.52, 1.0], [7455.51, 0.45], [7455.57, 0.004447], [7455.79, 0.9811], [7456.25, 1.0]], "ts": 1571906547005}
{"bids": [[7452.88, 0.0002], [7452.86, 0.12830745], [7451.09, 0.2], [7447.62, 0.9788], [7447.12, 4.8], [7447.1, 0.748], [7445.54, 1.0], [7445.36, 1.0], [7444.5, 0.672], [7443.81, 1.0]], "asks": [[7453.09, 2.0], [7453.1, 0.45], [7453.81, 0.2], [7454.0, 0.44985717], [7454.52, 1.0], [7455.51, 0.45], [7455.57, 0.004447], [7456.25, 1.0]], "ts": 1571906547011}
{"bids": [[7452.88, 0.0002], [7452.86, 0.12830745], [7451.09, 0.2], [7447.62, 0.9788], [7447.12, 4.8], [7447.1, 0.748], [7445.54, 1.0], [7445.36, 1.0], [7444.5, 0.672], [7443.81, 1.0]], "asks": [[7453.09, 2.0], [7453.1, 0.45], [7453.81, 0.2], [7454.0, 0.44985717], [7454.52, 1.0], [7455.0, 0.9757], [7455.51, 0.45], [7455.57, 0.004447], [7456.25, 1.0]], "ts": 1571906547017}
{"bids": [[7452.88, 0.0002], [7452.86, 0.12830745], [7451.09, 0.2], [7447.62, 0.9788], [7447.12, 4.8], [7447.1, 0.748], [7445.54, 1.0], [7445.36, 1.0], [7444.5, 0.672], [7443.81, 1.0]], "asks": [[7453.09, 2.0], [7453.1, 0.45], [7453.81, 0.2], [7453.91, 1.0], [7454.0, 0.44985717], [7454.52, 1.0], [7455.0, 0.9757], [7455.51, 0.45], [7455.57, 0.004447], [7456.25, 1.0]], "ts": 1571906547022}
{"bids": [[7452.88, 0.0002], [7452.86, 0.12830745], [7451.09, 0.2], [7447.62, 0.9788], [7447.12, 4.8], [7447.1, 0.748], [7445.54, 1.0], [7445.36, 1.0], [7444.5, 0.672], [7443.81, 1.0]], "asks": [[7453.09, 2.0], [7453.1, 0.45], [7453.81, 0.2], [7454.0, 0.44985717], [7454.52, 1.0], [7455.0, 0.9757], [7455.51, 0.45], [7455.57, 0.004447], [7456.25, 1.0]], "ts": 1571906547028}
{"bids": [[7452.88, 0.0002], [7452.86, 0.12830745], [7451.09, 0.2], [7447.62, 0.9788], [7447.1, 0.748], [7445.54, 1.0], [7445.36, 1.0], [7444.5, 0.672], [7443.81, 1.0]], "asks": [[7453.09, 2.0], [7453.1, 0.45], [7453.81, 0.2], [7454.0, 0.44985717], [7454.52, 1.0], [7455.0, 0.9757], [7455.51, 0.45], [7455.57, 0.004447], [7456.25, 1.0]], "ts": 1571906547037}
{"bids": [[7452.88, 0.0002], [7452.86, 0.12830745], [7447.62, 0.9788], [7447.1, 0.748], [7445.54, 1.0], [7445.36, 1.0], [7444.5, 0.672], [7443.81, 1.0]], "asks": [[7453.09, 2.0], [7453.1, 0.45], [7453.81, 0.2], [7454.0, 0.44985717], [7454.52, 1.0], [7455.0, 0.9757], [7455.51, 0.45], [7455.57, 0.004447], [7456.25, 1.0]], "ts": 1571906547043}
{"bids": [[7452.88, 0.0002], [7452.86, 0.12830745], [7447.62, 0.9788], [7447.1, 0.748], [7445.54, 1.0], [7445.36, 1.0], [7444.5, 0.672], [7443.81, 1.0]], "asks": [[7453.09, 2.0], [7453.1, 0.45], [7454.0, 0.44985717], [7454.52, 1.0], [7455.0, 0.9757], [7455.51, 0.45], [7455.57, 0.004447], [7456.25, 1.0]], "ts": 1571906547048}
{"bids": [[7452.88, 0.0002], [7452.86, 0.12830745], [7448.1, 4.8], [7447.62, 0.9788], [7447.1, 0.748], [7445.54, 1.0], [7445.36, 1.0], [7444.5, 0.672], [7443.81, 1.0]], "asks": [[7453.09, 2.0], [7453.1, 0.45], [7454.0, 0.44985717], [7454.52, 1.0], [7455.0, 0.9757], [7455.51, 0.45], [7455.57, 0.004447], [7456.25, 1.0]], "ts": 1571906547055}
{"bids": [[7452.88, 0.0002], [7452.86, 0.12830745], [7451.57, 0.2], [7448.1, 4.8], [7447.62, 0.9788], [7447.1, 0.748], [7445.54, 1.0], [7445.36, 1.0], [7444.5, 0.672], [7443.81, 1.0]], "asks": [[7453.09, 2.0], [7453.1, 0.45], [7454.0, 0.44985717], [7454.52, 1.0], [7455.0, 0.9757], [7455.51, 0.45], [7455.57, 0.004447], [7456.25, 1.0]], "ts": 1571906547062}
{"bids": [[7452.88, 0.0002], [7452.86, 0.12830745], [7451.57, 0.2], [7448.1, 4.8], [7447.62, 0.9788], [7447.1, 0.748], [7445.54, 1.0], [7445.36, 1.0], [7444.5, 0.672], [7443.81, 1.0]], "asks": [[7453.09, 2.0], [7453.1, 0.45], [7454.0, 0.44985717], [7454.3, 0.2], [7454.52, 1.0], [7455.0, 0.9757], [7455.51, 0.45], [7455.57, 0.004447], [7456.25, 1.0]], "ts": 1571906547068}
{"bids": [[7452.88, 0.0002], [7452.86, 0.12830745], [7451.57, 0.2], [7448.1, 4.8], [7447.62, 0.9788], [7447.1, 0.748], [7445.54, 1.0], [7445.36, 1.0], [7444.5, 0.672], [7443.81, 1.0]], "asks": [[7453.09, 2.0], [7453.1, 0.45], [7454.0, 0.44985717], [7454.3, 0.2], [7454.52, 1.0], [7455.0, 0.9757], [7455.51, 0.45], [7455.57, 0.004447], [7456.25, 1.0]], "ts": 1571906547074}
{"bids": [[7452.88, 0.0002], [7452.86, 0.12830745], [7451.57, 0.2], [7448.1, 4.8], [7447.62, 0.9788], [7447.1, 0.748], [7445.54, 1.0], [7444.5, 0.672], [7443.81, 1.0]], "asks": [[7453.09, 2.0], [7453.1, 0.45], [7454.0, 0.44985717], [7454.3, 0.2], [7454.52, 1.0], [7455.0, 0.9757], [7455.51, 0.45], [7455.57, 0.004447], [7456.25, 1.0]], "ts": 1571906547080}
{"bids": [[7452.88, 0.0002], [7452.86, 0.12830745], [7451.57, 0.2], [7448.1, 4.8], [7447.62, 0.9788], [7447.1, 0.748], [7445.54, 1.0], [7444.5, 0.672], [7443.81, 1.0]], "asks": [[7453.09, 2.0], [7453.1, 0.45], [7454.0, 0.44985717], [7454.3, 0.2], [7454.52, 1.0], [7455.0, 0.9757], [7455.51, 0.45], [7455.57, 0.004447], [7456.25, 1.0], [7466.01, 1.0]], "ts": 1571906547087}
{"bids": [[7452.88, 0.0002], [7452.86, 0.12830745], [7451.57, 0.2], [7448.1, 4.8], [7447.69, 1.0], [7447.62, 0.9788], [7447.1, 0.748], [7445.54, 1.0], [7444.5, 0.672], [7443.81, 1.0]], "asks": [[7453.09, 2.0], [7453.1, 0.45], [7454.0, 0.44985717], [7454.3, 0.2], [7454.52, 1.0], [7455.0, 0.9757], [7455.51, 0.45], [7455.57, 0.004447], [7456.25, 1.0], [7466.01, 1.0]], "ts": 1571906547093}
{"bids": [[7452.88, 0.0002], [7452.86, 0.12830745], [7451.57, 0.2], [7448.1, 4.8], [7447.69, 1.0], [7447.62, 0.9788], [7447.1, 0.748], [7445.54, 1.0], [7444.5, 0.672], [7443.81, 1.0]], "asks": [[7453.09, 2.0], [7453.1, 0.45], [7454.0, 0.44985717], [7454.3, 0.2], [7454.52, 1.0], [7455.0, 0.9757], [7455.51, 0.45], [7455.57, 0.004447], [7456.25, 1.0], [7466.01, 1.0]], "ts": 1571906547098}
{"bids": [[7452.88, 0.0002], [7452.86, 0.12830745], [7451.57, 0.2], [7448.1, 4.8], [7447.69, 1.0], [7447.1, 0.748], [7445.54, 1.0], [7444.5, 0.672], [7443.81, 1.0]], "asks": [[7453.09, 2.0], [7453.1, 0.45], [7454.0, 0.44985717], [7454.3, 0.2], [7454.52, 1.0], [7455.0, 0.9757], [7455.51, 0.45], [7455.57, 0.004447], [7456.25, 1.0], [7466.01, 1.0]], "ts": 1571906547105}
{"bids": [[7452.88, 0.0002], [7452.86, 0.12830745], [7451.57, 0.2], [7448.1, 5.7765], [7447.69, 1.0], [7447.1, 0.748], [7445.54, 1.0], [7444.5, 0.672], [7443.81, 1.0]], "asks": [[7453.09, 2.0], [7453.1, 0.45], [7454.0, 0.44985717], [7454.3, 0.2], [7454.52, 1.0], [7455.0, 0.9757], [7455.51, 0.45], [7455.57, 0.004447], [7456.25, 1.0], [7466.01, 1.0]], "ts": 1571906547111}
{"bids": [[7452.88, 0.0002], [7452.86, 0.12830745], [7451.57, 0.2], [7448.1, 5.7765], [7447.69, 1.0], [7447.1, 0.748], [7445.54, 1.0], [7444.5, 0.672], [7443.81, 1.0]], "asks": [[7453.09, 2.0], [7453.1, 0.45], [7454.0, 0.44985717], [7454.3, 0.2], [7454.52, 1.0], [7455.51, 0.45], [7455.57, 0.004447], [7456.25, 1.0], [7466.01, 1.0]], "ts": 1571906547118}
{"bids": [[7452.88, 0.0002], [7452.86, 0.12830745], [7451.57, 0.2], [7448.1, 5.7765], [7447.69, 1.0], [7447.1, 0.748], [7445.54, 1.0], [7444.5, 0.672], [7443.81, 1.0]], "asks": [[7453.09, 2.0], [7453.1, 0.45], [7454.0, 0.44985717], [7454.3, 0.2], [7454.52, 1.0], [7455.51, 0.45], [7455.57, 0.004447], [7456.25, 1.0], [7466.01, 1.0]], "ts": 1571906547123}
{"bids": [[7452.88, 0.0002], [7452.86, 0.12830745], [7448.1, 5.7765], [7447.69, 1.0], [7447.1, 0.748], [7445.54, 1.0], [7444.5, 0.672], [7443.81, 1.0]], "asks": [[7453.09, 2.0], [7453.1, 0.45], [7454.0, 0.44985717], [7454.3, 0.2], [7454.52, 1.0], [7455.51, 0.45], [7455.57, 0.004447], [7456.25, 1.0], [7466.01, 1.0]], "ts": 1571906547130}
{"bids": [[7452.88, 0.0002], [7452.86, 0.12830745], [7448.1, 5.7765], [7447.69, 1.0], [7447.1, 0.748], [7445.54, 1.0], [7444.5, 0.672], [7443.81, 1.0]], "asks": [[7453.09, 2.0], [7453.1, 0.45], [7454.0, 0.44985717], [7454.52, 1.0], [7455.51, 0.45], [7455.57, 0.004447], [7456.25, 1.0], [7466.01, 1.0]], "ts": 1571906547136}
{"bids": [[7452.88, 0.0002], [7452.86, 0.12830745], [7448.1, 5.7765], [7447.69, 1.0], [7447.1, 0.748], [7445.54, 1.0], [7444.5, 0.672], [7443.81, 1.0]], "asks": [[7453.09, 2.0], [7453.1, 0.45], [7454.0, 0.44985717], [7454.52, 1.0], [7455.51, 0.45], [7455.57, 0.004447], [7456.25, 1.0], [7458.26, 4.8], [7466.01, 1.0]], "ts": 1571906547141}
{"bids": [[7452.88, 0.0002], [7452.86, 0.12830745], [7452.06, 0.2], [7448.1, 5.7765], [7447.69, 1.0], [7447.1, 0.748], [7445.54, 1.0], [7444.5, 0.672], [7443.81, 1.0]], "asks": [[7453.09, 2.0], [7453.1, 0.45], [7454.0, 0.44985717], [7454.52, 1.0], [7455.51, 0.45], [7455.57, 0.004447], [7456.25, 1.0], [7458.26, 4.8], [7466.01, 1.0]], "ts": 1571906547149}
{"bids": [[7452.88, 0.0002], [7452.86, 0.12830745], [7452.06, 0.2], [7448.1, 5.7765], [7447.69, 1.0], [7447.1, 0.748], [7445.54, 1.0], [7444.5, 0.672], [7443.81, 1.0]], "asks": [[7453.09, 2.0], [7453.1, 0.45], [7454.0, 0.44985717], [7454.52, 1.0], [7454.79, 0.2], [7455.51, 0.45], [7455.57, 0.004447], [7456.25, 1.0], [7458.26, 4.8], [7466.01, 1.0]], "ts": 1571906547154}
{"bids": [[7452.88, 0.0002], [7452.86, 0.12830745], [7452.06, 0.2], [7448.1, 5.7765], [7447.69, 1.0], [7447.1, 0.748], [7445.54, 1.0], [7444.5, 0.672], [7443.81, 1.0]], "asks": [[7453.09, 2.0], [7453.1, 0.45], [7454.0, 0.44985717], [7454.52, 1.0], [7454.79, 0.2], [7455.51, 0.45], [7455.57, 0.004447], [7455.93, 0.9911], [7456.25, 1.0], [7458.26, 4.8]], "ts": 1571906547159}
{"bids": [[7452.88, 0.0002], [7452.86, 0.12830745], [7452.06, 0.2], [7448.1, 5.7765], [7447.69, 1.0], [7447.1, 0.748], [7445.54, 1.0], [7444.5, 0.672], [7443.81, 1.0]], "asks": [[7453.09, 2.0], [7453.1, 0.45], [7453.84, 1.0], [7454.0, 0.44985717], [7454.52, 1.0], [7454.79, 0.2], [7455.51, 0.45], [7455.57, 0.004447], [7455.93, 0.9911], [7456.25, 1.0]], "ts": 1571906547170}
{"bids": [[7452.88, 0.0002], [7452.86, 0.12830745], [7452.06, 0.2], [7448.1, 5.7765], [7447.69, 1.0], [7447.1, 0.748], [7445.54, 1.0], [7444.5, 0.672], [7443.81, 1.0]], "asks": [[7453.09, 2.0], [7453.1, 0.45], [7453.84, 1.0], [7454.0, 0.44985717], [7454.52, 1.0], [7454.79, 0.2], [7455.51, 0.45], [7455.57, 0.004447], [7455.93, 0.9911], [7456.25, 1.0]], "ts": 1571906547177}
{"bids": [[7452.88, 0.0002], [7452.86, 0.12830745], [7452.06, 0.2], [7448.1, 0.9765], [7447.69, 1.0], [7447.1, 0.748], [7445.54, 1.0], [7444.5, 0.672], [7443.81, 1.0]], "asks": [[7453.09, 2.0], [7453.1, 0.45], [7453.84, 1.0], [7454.0, 0.44985717], [7454.52, 1.0], [7454.79, 0.2], [7455.51, 0.45], [7455.57, 0.004447], [7455.93, 0.9911], [7456.25, 1.0]], "ts": 1571906547183}
{"bids": [[7452.88, 0.0002], [7452.86, 0.12830745], [7448.1, 0.9765], [7447.69, 1.0], [7447.1, 0.748], [7445.54, 1.0], [7444.5, 0.672], [7443.81, 1.0]], "asks": [[7453.09, 2.0], [7453.1, 0.45], [7453.84, 1.0], [7454.0, 0.44985717], [7454.52, 1.0], [7454.79, 0.2], [7455.51, 0.45], [7455.57, 0.004447], [7455.93, 0.9911], [7456.25, 1.0]], "ts": 1571906547189}
{"bids": [[7452.88, 0.0002], [7452.86, 0.12830745], [7448.1, 0.9765], [7447.69, 1.0], [7447.1, 0.748], [7445.54, 1.0], [7444.5, 0.672], [7443.81, 1.0]], "asks": [[7453.09, 2.0], [7453.1, 0.45], [7453.84, 1.0], [7454.0, 0.44985717], [7454.52, 1.0], [7455.51, 0.45], [7455.57, 0.004447], [7455.93, 0.9911], [7456.25, 1.0]], "ts": 1571906547195}
{"bids": [[7452.88, 0.0002], [7452.86, 0.12830745], [7449.09, 4.8], [7448.1, 0.9765], [7447.69, 1.0], [7447.1, 0.748], [7445.54, 1.0], [7444.5, 0.672], [7443.81, 1.0]], "asks": [[7453.09, 2.0], [7453.1, 0.45], [7453.84, 1.0], [7454.0, 0.44985717], [7454.52, 1.0], [7455.51, 0.45], [7455.57, 0.004447], [7455.93, 0.9911], [7456.25, 1.0]], "ts": 1571906547204}
{"bids": [[7452.88, 0.0002], [7452.86, 0.12830745], [7452.56, 0.2], [7449.09, 4.8], [7448.1, 0.9765], [7447.69, 1.0], [7447.1, 0.748], [7445.54, 1.0], [7444.5, 0.672], [7443.81, 1.0]], "asks": [[7453.09, 2.0], [7453.1, 0.45], [7453.84, 1.0], [7454.0, 0.44985717], [7454.52, 1.0], [7455.51, 0.45], [7455.57, 0.004447], [7455.93, 0.9911], [7456.25, 1.0]], "ts": 1571906547211}
{"bids": [[7452.88, 0.0002], [7452.86, 0.12830745], [7452.56, 0.2], [7449.09, 4.8], [7448.1, 0.9765], [7447.69, 1.0], [7447.1, 0.748], [7445.54, 1.0], [7444.5, 0.672], [7443.81, 1.0]], "asks": [[7453.09, 2.0], [7453.1, 0.45], [7453.84, 1.0], [7454.0, 0.44985717], [7454.52, 1.0], [7455.29, 0.2], [7455.51, 0.45], [7455.57, 0.004447], [7455.93, 0.9911], [7456.25, 1.0]], "ts": 1571906547216}
{"bids": [[7452.88, 0.0002], [7452.86, 0.12830745], [7452.56, 0.2], [7449.09, 4.8], [7448.1, 0.9765], [7447.69, 1.0], [7447.1, 0.748], [7445.54, 1.0], [7444.5, 0.672], [7443.81, 1.0]], "asks": [[7453.09, 2.0], [7453.1, 0.45], [7454.0, 0.44985717], [7454.52, 1.0], [7455.29, 0.2], [7455.51, 0.45], [7455.57, 0.004447], [7455.93, 0.9911], [7456.25, 1.0]], "ts": 1571906547222}
{"bids": [[7452.88, 0.0002], [7452.86, 0.12830745], [7452.56, 0.2], [7449.09, 4.8], [7448.1, 0.9765], [7447.69, 1.0], [7447.1, 0.748], [7445.54, 1.0], [7444.5, 0.672], [7443.81, 1.0]], "asks": [[7453.09, 2.0], [7453.1, 0.45], [7454.0, 0.44985717], [7454.52, 1.0], [7455.29, 0.2], [7455.51, 0.45], [7455.57, 0.004447], [7455.93, 0.9911], [7456.25, 1.0]], "ts": 1571906547229}
{"bids": [[7452.88, 0.0002], [7452.86, 0.12830745], [7452.56, 0.2], [7449.09, 4.8], [7447.69, 1.0], [7447.1, 0.748], [7445.54, 1.0], [7444.5, 0.672], [7443.81, 1.0]], "asks": [[7453.09, 2.0], [7453.1, 0.45], [7454.0, 0.44985717], [7454.52, 1.0], [7455.29, 0.2], [7455.51, 0.45], [7455.57, 0.004447], [7455.93, 0.9911], [7456.25, 1.0]], "ts": 1571906547234}
{"bids": [[7452.88, 0.0002], [7452.86, 0.12830745], [7452.56, 0.2], [7449.09, 5.7879], [7447.69, 1.0], [7447.1, 0.748], [7445.54, 1.0], [7444.5, 0.672], [7443.81, 1.0]], "asks": [[7453.09, 2.0], [7453.1, 0.45], [7454.0, 0.44985717], [7454.52, 1.0], [7455.29, 0.2], [7455.51, 0.45], [7455.57, 0.004447], [7455.93, 0.9911], [7456.25, 1.0]], "ts": 1571906547241}
{"bids": [[7452.88, 0.0002], [7452.86, 0.12830745], [7452.56, 0.2], [7449.09, 5.7879], [7447.69, 1.0], [7447.1, 0.748], [7445.54, 1.0], [7444.5, 0.672], [7443.81, 1.0]], "asks": [[7453.09, 2.0], [7453.1, 0.45], [7454.0, 0.44985717], [7454.52, 1.0], [7455.29, 0.2], [7455.51, 0.45], [7455.57, 0.004447], [7455.93, 0.9911], [7456.25, 1.0]], "ts": 1571906547247}
{"bids": [[7452.88, 0.0002], [7452.86, 0.12830745], [7452.56, 0.2], [7449.09, 5.7879], [7447.69, 1.0], [7447.1, 0.748], [7445.54, 1.0], [7444.5, 0.672], [7443.81, 1.0]], "asks": [[7453.09, 2.0], [7453.1, 0.45], [7454.0, 0.44985717], [7454.52, 1.0], [7455.29, 0.2], [7455.51, 0.45], [7455.57, 0.004447], [7455.93, 0.9911], [7456.25, 1.0], [7481.4, 0.05]], "ts": 1571906547255}
{"bids": [[7452.88, 0.0002], [7452.86, 0.12830745], [7452.56, 0.2], [7449.09, 5.7879], [7447.69, 1.0], [7447.1, 0.748], [7445.54, 1.0], [7444.5, 0.672], [7443.81, 1.0]], "asks": [[7453.09, 2.0], [7453.1, 0.45], [7453.76, 1.0], [7454.0, 0.44985717], [7454.52, 1.0], [7455.29, 0.2], [7455.51, 0.45], [7455.57, 0.004447], [7455.93, 0.9911], [7456.25, 1.0]], "ts": 1571906547262}
{"bids": [[7452.88, 0.0002], [7452.86, 0.12830745], [7452.56, 0.2], [7449.09, 5.7879], [7447.69, 1.0], [7447.1, 0.748], [7445.54, 1.0], [7444.5, 0.672], [7443.81, 1.0]], "asks": [[7453.09, 2.0], [7453.1, 0.45], [7453.76, 1.0], [7454.0, 0.44985717], [7454.52, 1.0], [7455.29, 0.2], [7455.51, 0.45], [7455.57, 0.004447], [7455.93, 0.9911], [7456.25, 1.0]], "ts": 1571906547267}
{"bids": [[7452.88, 0.0002], [7452.86, 0.12830745], [7452.56, 0.2], [7449.09, 5.7879], [7447.69, 1.0], [7447.1, 0.748], [7445.54, 1.0], [7444.5, 0.672], [7443.81, 1.0]], "asks": [[7453.09, 2.0], [7453.1, 0.45], [7454.0, 0.44985717], [7454.52, 1.0], [7455.29, 0.2], [7455.51, 0.45], [7455.57, 0.004447], [7455.93, 0.9911], [7456.25, 1.0]], "ts": 1571906547273}
{"bids": [[7452.88, 0.0002], [7452.86, 0.12830745], [7452.56, 0.2], [7449.09, 5.7879], [7447.69, 1.0], [7447.1, 0.748], [7445.54, 1.0], [7444.5, 0.672], [7443.81, 1.0], [7422.94, 1.0]], "asks": [[7453.09, 2.0], [7453.1, 0.45], [7454.0, 0.44985717], [7454.52, 1.0], [7455.29, 0.2], [7455.51, 0.45], [7455.57, 0.004447], [7455.93, 0.9911], [7456.25, 1.0]], "ts": 1571906547280}
{"bids": [[7452.88, 0.0002], [7452.86, 0.12830745], [7452.56, 0.2], [7449.09, 5.7879], [7447.69, 1.0], [7447.1, 0.748], [7445.54, 1.0], [7444.5, 0.672], [7443.81, 1.0], [7422.94, 1.0]], "asks": [[7453.09, 2.0], [7453.1, 0.45], [7453.83, 1.0], [7454.0, 0.44985717], [7454.52, 1.0], [7455.29, 0.2], [7455.51, 0.45], [7455.57, 0.004447], [7455.93, 0.9911], [7456.25, 1.0]], "ts": 1571906547288}
{"bids": [[7452.88, 0.0002], [7452.86, 0.12830745], [7452.56, 0.2], [7449.09, 5.7879], [7447.69, 1.0], [7447.1, 0.748], [7445.54, 1.0], [7444.5, 0.672], [7443.81, 1.0]], "asks": [[7453.09, 2.0], [7453.1, 0.45], [7453.83, 1.0], [7454.0, 0.44985717], [7454.52, 1.0], [7455.29, 0.2], [7455.51, 0.45], [7455.57, 0.004447], [7455.93, 0.9911], [7456.25, 1.0]], "ts": 1571906547294}
{"bids": [[7452.88, 0.0002], [7452.86, 0.12830745], [7449.09, 5.7879], [7447.69, 1.0], [7447.1, 0.748], [7445.54, 1.0], [7444.5, 0.672], [7443.81, 1.0]], "asks": [[7453.09, 2.0], [7453.1, 0.45], [7453.83, 1.0], [7454.0, 0.44985717], [7454.52, 1.0], [7455.29, 0.2], [7455.51, 0.45], [7455.57, 0.004447], [7455.93, 0.9911], [7456.25, 1.0]], "ts": 1571906547300}
{"bids": [[7452.88, 0.0002], [7452.86, 0.12830745], [7449.09, 5.7879], [7447.69, 1.0], [7447.1, 0.748], [7445.54, 1.0], [7444.5, 0.672], [7443.81, 1.0]], "asks": [[7453.09, 2.0], [7453.1, 0.45], [7453.83, 1.0], [7454.0, 0.44985717], [7454.52, 1.0], [7455.51, 0.45], [7455.57, 0.004447], [7455.93, 0.9911], [7456.25, 1.0]], "ts": 1571906547307}
{"bids": [[7452.88, 0.0002], [7452.86, 0.12830745], [7452.07, 0.2], [7449.09, 5.7879], [7447.69, 1.0], [7447.1, 0.748], [7445.54, 1.0], [7444.5, 0.672], [7443.81, 1.0]], "asks": [[7453.09, 2.0], [7453.1, 0.45], [7453.83, 1.0], [7454.0, 0.44985717], [7454.52, 1.0], [7455.51, 0.45], [7455.57, 0.004447], [7455.93, 0.9911], [7456.25, 1.0]], "ts": 1571906547315}
{"bids": [[7452.88, 0.0002], [7452.86, 0.12830745], [7452.07, 0.2], [7449.09, 5.7879], [7447.69, 1.0], [7447.1, 0.748], [7445.54, 1.0], [7444.5, 0.672], [7443.81, 1.0]], "asks": [[7453.09, 2.0], [7453.1, 0.45], [7453.83, 1.0], [7454.0, 0.44985717], [7454.52, 1.0], [7454.8, 0.2], [7455.51, 0.45], [7455.57, 0.004447], [7455.93, 0.9911], [7456.25, 1.0]], "ts": 1571906547322}
{"bids": [[7452.88, 0.0002], [7452.86, 0.12830745], [7452.07, 0.2], [7449.09, 5.7879], [7447.69, 1.0], [7447.1, 0.748], [7445.54, 1.0], [7444.5, 0.672], [7443.81, 1.0]], "asks": [[7453.09, 2.0], [7453.1, 0.45], [7454.0, 0.44985717], [7454.52, 1.0], [7454.8, 0.2], [7455.51, 0.45], [7455.57, 0.004447], [7455.93, 0.9911], [7456.25, 1.0]], "ts": 1571906547327}
{"bids": [[7452.88, 0.0002], [7452.86, 0.12830745], [7452.07, 0.2], [7449.09, 5.7879], [7447.69, 1.0], [7447.1, 0.748], [7445.54, 1.0], [7444.5, 0.672], [7443.81, 1.0]], "asks": [[7453.09, 2.0], [7453.1, 0.45], [7454.0, 0.44985717], [7454.52, 1.0], [7454.8, 0.2], [7455.51, 0.45], [7455.57, 0.004447], [7456.25, 1.0]], "ts": 1571906547333}
{"bids": [[7452.88, 0.0002], [7452.86, 0.12830745], [7452.07, 0.2], [7449.09, 5.7879], [7447.69, 1.0], [7447.1, 0.748], [7445.54, 1.0], [7444.5, 0.672], [7443.81, 1.0], [7422.93, 1.0]], "asks": [[7453.09, 2.0], [7453.1, 0.45], [7454.0, 0.44985717], [7454.52, 1.0], [7454.8, 0.2], [7455.51, 0.45], [7455.57, 0.004447], [7456.25, 1.0]], "ts": 1571906547341}
{"bids": [[7452.88, 0.0002], [7452.86, 0.12830745], [7452.07, 0.2], [7449.09, 5.7879], [7447.69, 1.0], [7447.1, 0.748], [7445.54, 1.0], [7444.5, 0.672], [7443.81, 1.0], [7422.93, 1.0]], "asks": [[7453.09, 2.0], [7453.1, 0.45], [7454.0, 0.44985717], [7454.52, 1.0], [7454.8, 0.2], [7455.51, 0.45], [7455.56, 0.9809], [7455.57, 0.004447], [7456.25, 1.0]], "ts": 1571906547347}
{"bids": [[7452.88, 0.0002], [7452.86, 0.12830745], [7452.07, 0.2], [7449.09, 5.7879], [7447.69, 1.0], [7447.1, 0.748], [7445.54, 1.0], [7444.5, 0.672], [7443.81, 1.0]], "asks": [[7453.09, 2.0], [7453.1, 0.45], [7454.0, 0.44985717], [7454.52, 1.0], [7454.8, 0.2], [7455.51, 0.45], [7455.56, 0.9809], [7455.57, 0.004447], [7456.25, 1.0]], "ts": 1571906547354}
{"bids": [[7452.88, 0.0002], [7452.86, 0.12830745], [7452.07, 0.2], [7449.09, 5.7879], [7447.69, 1.0], [7447.1, 0.748], [7445.54, 1.0], [7444.5, 0.672], [7443.81, 1.0]], "asks": [[7453.09, 2.0], [7453.1, 0.45], [7453.82, 1.0], [7454.0, 0.44985717], [7454.52, 1.0], [7454.8, 0.2], [7455.51, 0.45], [7455.56, 0.9809], [7455.57, 0.004447], [7456.25, 1.0]], "ts": 1571906547362}
{"bids": [[7452.88, 0.0002], [7452.86, 0.12830745], [7452.07, 0.2], [7449.09, 5.7879], [7447.69, 1.0], [7447.1, 0.748], [7445.54, 1.0], [7444.5, 0.672], [7443.81, 1.0]], "asks": [[7453.09, 2.0], [7453.1, 0.45], [7454.0, 0.44985717], [7454.52, 1.0], [7454.8, 0.2], [7455.51, 0.45], [7455.56, 0.9809], [7455.57, 0.004447], [7456.25, 1.0]], "ts": 1571906547369}
{"bids": [[7452.88, 0.0002], [7452.86, 0.12830745], [7452.07, 0.2], [7449.09, 5.7879], [7447.69, 1.0], [7447.1, 0.748], [7445.54, 1.0], [7444.5, 0.672], [7443.81, 1.0]], "asks": [[7453.09, 2.0], [7453.1, 0.45], [7454.0, 0.44985717], [7454.52, 1.0], [7454.8, 0.2], [7455.51, 0.45], [7455.56, 0.9809], [7455.57, 0.004447], [7456.25, 1.0], [7465.98, 0.602]], "ts": 1571906547374}
{"bids": [[7452.88, 0.0002], [7452.86, 0.12830745], [7452.07, 0.2], [7449.09, 5.7879], [7447.69, 1.0], [7447.1, 0.748], [7445.54, 1.0], [7444.5, 0.672], [7443.81, 1.0]], "asks": [[7453.09, 2.0], [7453.1, 0.45], [7454.0, 0.44985717], [7454.52, 1.0], [7454.8, 0.2], [7455.51, 0.45], [7455.56, 0.9809], [7455.57, 0.004447], [7456.25, 1.0], [7463.93, 0.072949]], "ts": 1571906547381}
{"bids": [[7452.88, 0.0002], [7452.86, 0.12830745], [7452.07, 0.2], [7449.09, 5.7879], [7447.69, 1.0], [7447.1, 0.748], [7445.54, 1.0], [7444.5, 0.672], [7443.81, 1.0], [7422.94, 1.0]], "asks": [[7453.09, 2.0], [7453.1, 0.45], [7454.0, 0.44985717], [7454.52, 1.0], [7454.8, 0.2], [7455.51, 0.45], [7455.56, 0.9809], [7455.57, 0.004447], [7456.25, 1.0], [7463.93, 0.072949]], "ts": 1571906547387}
{"bids": [[7452.88, 0.0002], [7452.86, 0.12830745], [7452.07, 0.2], [7449.09, 0.9879], [7447.69, 1.0], [7447.1, 0.748], [7445.54, 1.0], [7444.5, 0.672], [7443.81, 1.0], [7422.94, 1.0]], "asks": [[7453.09, 2.0], [7453.1, 0.45], [7454.0, 0.44985717], [7454.52, 1.0], [7454.8, 0.2], [7455.51, 0.45], [7455.56, 0.9809], [7455.57, 0.004447], [7456.25, 1.0], [7463.93, 0.072949]], "ts": 1571906547392}
{"bids": [[7452.88, 0.0002], [7452.86, 0.12830745], [7449.09, 0.9879], [7447.69, 1.0], [7447.1, 0.748], [7445.54, 1.0], [7444.5, 0.672], [7443.81, 1.0], [7422.94, 1.0]], "asks": [[7453.09, 2.0], [7453.1, 0.45], [7454.0, 0.44985717], [7454.52, 1.0], [7454.8, 0.2], [7455.51, 0.45], [7455.56, 0.9809], [7455.57, 0.004447], [7456.25, 1.0], [7463.93, 0.072949]], "ts": 1571906547399}
{"bids": [[7452.88, 0.0002], [7452.86, 0.12830745], [7449.09, 0.9879], [7447.69, 1.0], [7447.1, 0.748], [7445.54, 1.0], [7444.5, 0.672], [7443.81, 1.0], [7422.94, 1.0]], "asks": [[7453.09, 2.0], [7453.1, 0.45], [7454.0, 0.44985717], [7454.52, 1.0], [7455.51, 0.45], [7455.56, 0.9809], [7455.57, 0.004447], [7456.25, 1.0], [7463.93, 0.072949]], "ts": 1571906547405}
{"bids": [[7452.88, 0.0002], [7452.86, 0.12830745], [7449.09, 0.9879], [7447.96, 4.8], [7447.69, 1.0], [7447.1, 0.748], [7445.54, 1.0], [7444.5, 0.672], [7443.81, 1.0], [7422.94, 1.0]], "asks": [[7453.09, 2.0], [7453.1, 0.45], [7454.0, 0.44985717], [7454.52, 1.0], [7455.51, 0.45], [7455.56, 0.9809], [7455.57, 0.004447], [7456.25, 1.0], [7463.93, 0.072949]], "ts": 1571906547412}
{"bids": [[7452.88, 0.0002], [7452.86, 0.12830745], [7451.42, 0.2], [7449.09, 0.9879], [7447.96, 4.8], [7447.69, 1.0], [7447.1, 0.748], [7445.54, 1.0], [7444.5, 0.672], [7443.81, 1.0]], "asks": [[7453.09, 2.0], [7453.1, 0.45], [7454.0, 0.44985717], [7454.52, 1.0], [7455.51, 0.45], [7455.56, 0.9809], [7455.57, 0.004447], [7456.25, 1.0], [7463.93, 0.072949]], "ts": 1571906547418}
{"bids": [[7452.88, 0.0002], [7452.86, 0.12830745], [7451.42, 0.2], [7449.09, 0.9879], [7447.96, 4.8], [7447.69, 1.0], [7447.1, 0.748], [7445.54, 1.0], [7444.5, 0.672], [7443.81, 1.0]], "asks": [[7453.09, 2.0], [7453.1, 0.45], [7454.0, 0.44985717], [7454.15, 0.2], [7454.52, 1.0], [7455.51, 0.45], [7455.56, 0.9809], [7455.57, 0.004447], [7456.25, 1.0], [7463.93, 0.072949]], "ts": 1571906547424}
{"bids": [[7452.88, 0.0002], [7452.86, 0.12830745], [7451.42, 0.2], [7449.09, 0.9879], [7447.96, 4.8], [7447.69, 1.0], [7447.1, 0.748], [7445.54, 1.0], [7444.5, 0.672], [7443.81, 1.0]], "asks": [[7453.09, 2.0], [7453.1, 0.45], [7454.0, 0.44985717], [7454.15, 0.2], [7454.52, 1.0], [7455.51, 0.45], [7455.57, 0.004447], [7456.25, 1.0], [7463.93, 0.072949]], "ts": 1571906547432}
{"bids": [[7452.88, 0.0002], [7452.86, 0.12830745], [7451.42, 0.2], [7449.09, 0.9879], [7447.96, 4.8], [7447.69, 1.0], [7447.1, 0.748], [7445.54, 1.0], [7444.5, 0.672], [7443.81, 1.0]], "asks": [[7453.09, 2.0], [7453.1, 0.45], [7454.0, 0.44985717], [7454.15, 0.2], [7454.52, 1.0], [7455.51, 0.45], [7455.57, 0.004447], [7456.25, 1.0], [7463.93, 0.072949]], "ts": 1571906547437}
{"bids": [[7452.88, 0.0002], [7452.86, 0.12830745], [7451.42, 0.2], [7449.09, 0.9879], [7447.96, 4.8], [7447.69, 1.0], [7447.1, 0.748], [7445.54, 1.0], [7444.5, 0.672], [7443.81, 1.0]], "asks": [[7453.09, 2.0], [7453.1, 0.45], [7454.0, 0.44985717], [7454.15, 0.2], [7454.52, 1.0], [7455.34, 0.9994], [7455.51, 0.45], [7455.57, 0.004447], [7456.25, 1.0], [7463.93, 0.072949]], "ts": 1571906547444}
{"bids": [[7452.88, 0.0002], [7452.86, 0.12830745], [7451.42, 0.2], [7449.09, 0.9879], [7447.96, 4.8], [7447.69, 1.0], [7447.1, 0.748], [7445.54, 1.0], [7444.5, 0.672], [7443.81, 1.0]], "asks": [[7453.09, 2.0], [7453.1, 0.45], [7453.81, 1.0], [7454.0, 0.44985717], [7454.15, 0.2], [7454.52, 1.0], [7455.34, 0.9994], [7455.51, 0.45], [7455.57, 0.004447], [7456.25, 1.0]], "ts": 1571906547450}
{"bids": [[7452.91, 1e-05], [7452.88, 0.0002], [7452.86, 0.12830745], [7451.42, 0.2], [7449.09, 0.9879], [7447.96, 4.8], [7447.69, 1.0], [7447.1, 0.748], [7445.54, 1.0], [7444.5, 0.672]], "asks": [[7453.09, 2.0], [7453.1, 0.45], [7453.81, 1.0], [7454.0, 0.44985717], [7454.15, 0.2], [7454.52, 1.0], [7455.34, 0.9994], [7455.51, 0.45], [7455.57, 0.004447], [7456.25, 1.0]], "ts": 1571906547455}
{"bids": [[7452.91, 1e-05], [7452.88, 0.00012], [7452.86, 0.12830745], [7451.42, 0.2], [7449.09, 0.9879], [7447.96, 4.8], [7447.69, 1.0], [7447.1, 0.748], [7445.54, 1.0], [7444.5, 0.672]], "asks": [[7453.09, 2.0], [7453.1, 0.45], [7453.81, 1.0], [7454.0, 0.44985717], [7454.15, 0.2], [7454.52, 1.0], [7455.34, 0.9994], [7455.51, 0.45], [7455.57, 0.004447], [7456.25, 1.0]], "ts": 1571906547462}
{"bids": [[7452.91, 9e-05], [7452.88, 0.00012], [7452.86, 0.12830745], [7451.42, 0.2], [7449.09, 0.9879], [7447.96, 4.8], [7447.69, 1.0], [7447.1, 0.748], [7445.54, 1.0], [7444.5, 0.672]], "asks": [[7453.09, 2.0], [7453.1, 0.45], [7453.81, 1.0], [7454.0, 0.44985717], [7454.15, 0.2], [7454.52, 1.0], [7455.34, 0.9994], [7455.51, 0.45], [7455.57, 0.004447], [7456.25, 1.0]], "ts": 1571906547471}
{"bids": [[7452.91, 9e-05], [7452.86, 0.12830745], [7451.42, 0.2], [7449.09, 0.9879], [7447.96, 4.8], [7447.69, 1.0], [7447.1, 0.748], [7445.54, 1.0], [7444.5, 0.672]], "asks": [[7453.09, 2.0], [7453.1, 0.45], [7453.81, 1.0], [7454.0, 0.44985717], [7454.15, 0.2], [7454.52, 1.0], [7455.34, 0.9994], [7455.51, 0.45], [7455.57, 0.004447], [7456.25, 1.0]], "ts": 1571906547479}
{"bids": [[7452.91, 0.00021], [7452.86, 0.12830745], [7451.42, 0.2], [7449.09, 0.9879], [7447.96, 4.8], [7447.69, 1.0], [7447.1, 0.748], [7445.54, 1.0], [7444.5, 0.672]], "asks": [[7453.09, 2.0], [7453.1, 0.45], [7453.81, 1.0], [7454.0, 0.44985717], [7454.15, 0.2], [7454.52, 1.0], [7455.34, 0.9994], [7455.51, 0.45], [7455.57, 0.004447], [7456.25, 1.0]], "ts": 1571906547488}
{"bids": [[7452.91, 0.00021], [7452.86, 0.12830745], [7451.42, 0.2], [7449.09, 0.9879], [7447.96, 4.8], [7447.69, 1.0], [7447.1, 0.748], [7445.54, 1.0], [7444.5, 0.672]], "asks": [[7453.09, 2.0], [7453.1, 0.45], [7454.0, 0.44985717], [7454.15, 0.2], [7454.52, 1.0], [7455.34, 0.9994], [7455.51, 0.45], [7455.57, 0.004447], [7456.25, 1.0]], "ts": 1571906547497}
{"bids": [[7452.92, 0.1236069], [7452.91, 0.00021], [7452.86, 0.12830745], [7451.42, 0.2], [7449.09, 0.9879], [7447.96, 4.8], [7447.69, 1.0], [7447.1, 0.748], [7445.54, 1.0], [7444.5, 0.672]], "asks": [[7453.09, 2.0], [7453.1, 0.45], [7454.0, 0.44985717], [7454.15, 0.2], [7454.52, 1.0], [7455.34, 0.9994], [7455.51, 0.45], [7455.57, 0.004447], [7456.25, 1.0]], "ts": 1571906547502}
{"bids": [[7452.92, 0.1236069], [7452.91, 0.00013], [7452.86, 0.12830745], [7451.42, 0.2], [7449.09, 0.9879], [7447.96, 4.8], [7447.69, 1.0], [7447.1, 0.748], [7445.54, 1.0], [7444.5, 0.672]], "asks": [[7453.09, 2.0], [7453.1, 0.45], [7454.0, 0.44985717], [7454.15, 0.2], [7454.52, 1.0], [7455.34, 0.9994], [7455.51, 0.45], [7455.57, 0.004447], [7456.25, 1.0]], "ts": 1571906547509}
{"bids": [[7452.92, 0.1236869], [7452.91, 0.00013], [7452.86, 0.12830745], [7451.42, 0.2], [7449.09, 0.9879], [7447.96, 4.8], [7447.69, 1.0], [7447.1, 0.748], [7445.54, 1.0], [7444.5, 0.672]], "asks": [[7453.09, 2.0], [7453.1, 0.45], [7454.0, 0.44985717], [7454.15, 0.2], [7454.52, 1.0], [7455.34, 0.9994], [7455.51, 0.45], [7455.57, 0.004447], [7456.25, 1.0]], "ts": 1571906547515}
{"bids": [[7452.92, 0.1236869], [7452.91, 1e-05], [7452.86, 0.12830745], [7451.42, 0.2], [7449.09, 0.9879], [7447.96, 4.8], [7447.69, 1.0], [7447.1, 0.748], [7445.54, 1.0], [7444.5, 0.672]], "asks": [[7453.09, 2.0], [7453.1, 0.45], [7454.0, 0.44985717], [7454.15, 0.2], [7454.52, 1.0], [7455.34, 0.9994], [7455.51, 0.45], [7455.57, 0.004447], [7456.25, 1.0]], "ts": 1571906547522}
{"bids": [[7452.92, 0.1238069], [7452.91, 1e-05], [7452.86, 0.12830745], [7451.42, 0.2], [7449.09, 0.9879], [7447.96, 4.8], [7447.69, 1.0], [7447.1, 0.748], [7445.54, 1.0], [7444.5, 0.672]], "asks": [[7453.09, 2.0], [7453.1, 0.45], [7454.0, 0.44985717], [7454.15, 0.2], [7454.52, 1.0], [7455.34, 0.9994], [7455.51, 0.45], [7455.57, 0.004447], [7456.25, 1.0]], "ts": 1571906547528}
{"bids": [[7452.92, 0.1238069], [7452.91, 1e-05], [7452.86, 0.12830745], [7451.42, 0.2], [7449.09, 0.9879], [7447.96, 4.8], [7447.69, 1.0], [7447.1, 0.748], [7445.54, 1.0], [7444.5, 0.672]], "asks": [[7453.09, 2.0], [7453.1, 0.45], [7454.0, 0.44985717], [7454.15, 0.2], [7454.52, 1.0], [7455.34, 0.9994], [7455.51, 0.45], [7455.57, 0.004447], [7456.25, 1.0]], "ts": 1571906547533}
{"bids": [[7452.92, 0.1238069], [7452.91, 1e-05], [7452.86, 0.12830745], [7451.42, 0.2], [7449.09, 0.9879], [7447.96, 4.8], [7447.69, 1.0], [7447.1, 0.748], [7445.54, 1.0], [7444.5, 0.672]], "asks": [[7453.09, 2.0], [7453.1, 0.45], [7453.79, 1.0], [7454.0, 0.44985717], [7454.15, 0.2], [7454.52, 1.0], [7455.34, 0.9994], [7455.51, 0.45], [7455.57, 0.004447], [7456.25, 1.0]], "ts": 1571906547540}
{"bids": [[7452.92, 0.1238069], [7452.91, 1e-05], [7452.86, 0.12830745], [7451.42, 0.2], [7449.09, 0.9879], [7447.96, 4.8], [7447.69, 1.0], [7447.1, 0.748], [7445.54, 1.0], [7444.5, 0.672]], "asks": [[7453.09, 2.0], [7453.1, 0.45], [7453.79, 1.0], [7454.0, 0.44985717], [7454.15, 0.2], [7454.52, 1.0], [7455.34, 0.9994], [7455.51, 0.45], [7455.57, 0.004447], [7456.25, 1.0]], "ts": 1571906547546}
{"bids": [[7452.92, 0.1238069], [7452.91, 1e-05], [7452.86, 0.12830745], [7451.42, 0.2], [7449.09, 0.9879], [7447.96, 4.8], [7447.69, 1.0], [7447.1, 0.748], [7445.54, 1.0], [7444.5, 0.672]], "asks": [[7453.09, 2.0], [7453.1, 0.45], [7454.0, 0.44985717], [7454.15, 0.2], [7454.52, 1.0], [7455.34, 0.9994], [7455.51, 0.45], [7455.57, 0.004447], [7456.25, 1.0]], "ts": 1571906547552}
{"bids": [[7452.92, 0.1238069], [7452.91, 1e-05], [7452.86, 0.12830745], [7451.42, 0.2], [7449.09, 0.9879], [7447.96, 4.8], [7447.69, 1.0], [7447.1, 0.748], [7445.54, 1.0], [7444.5, 0.672]], "asks": [[7453.09, 2.0], [7453.1, 0.45], [7454.0, 0.44985717], [7454.15, 0.2], [7454.52, 1.0], [7455.34, 0.9994], [7455.51, 0.45], [7455.57, 0.004447], [7456.25, 1.0], [7522.5, 0.05]], "ts": 1571906547558}
{"bids": [[7452.92, 0.1238069], [7452.91, 1e-05], [7452.86, 0.12830745], [7451.42, 0.2], [7449.09, 0.9879], [7447.96, 4.8], [7447.69, 1.0], [7447.1, 0.748], [7445.54, 1.0], [7444.5, 0.672]], "asks": [[7453.09, 2.0], [7453.1, 0.45], [7454.0, 0.44985717], [7454.15, 0.2], [7454.52, 1.0], [7455.34, 0.9994], [7455.51, 0.45], [7455.57, 0.004447], [7456.25, 1.0], [7522.5, 0.05]], "ts": 1571906547564}
{"bids": [[7452.92, 0.1238069], [7452.91, 1e-05], [7452.86, 0.12830745], [7451.42, 0.2], [7449.09, 0.9879], [7447.96, 4.8], [7447.69, 1.0], [7447.1, 0.748], [7445.54, 1.0], [7444.5, 0.672]], "asks": [[7453.09, 2.0], [7453.1, 0.45], [7454.0, 0.44985717], [7454.15, 0.2], [7454.52, 1.0], [7455.34, 0.9994], [7455.51, 0.45], [7455.57, 0.004447], [7456.25, 1.0], [7522.5, 0.05]], "ts": 1571906547570}
{"bids": [[7452.92, 0.1238069], [7452.91, 1e-05], [7452.86, 0.12830745], [7449.09, 0.9879], [7447.96, 4.8], [7447.69, 1.0], [7447.1, 0.748], [7445.54, 1.0], [7444.5, 0.672]], "asks": [[7453.09, 2.0], [7453.1, 0.45], [7454.0, 0.44985717], [7454.15, 0.2], [7454.52, 1.0], [7455.34, 0.9994], [7455.51, 0.45], [7455.57, 0.004447], [7456.25, 1.0], [7522.5, 0.05]], "ts": 1571906547577}
{"bids": [[7452.92, 0.1238069], [7452.91, 1e-05], [7452.86, 0.12830745], [7449.09, 0.9879], [7447.96, 4.8], [7447.69, 1.0], [7447.1, 0.748], [7445.54, 1.0], [7444.5, 0.672]], "asks": [[7453.09, 2.0], [7453.1, 0.45], [7454.0, 0.44985717], [7454.52, 1.0], [7455.34, 0.9994], [7455.51, 0.45], [7455.57, 0.004447], [7456.25, 1.0], [7522.5, 0.05]], "ts": 1571906547583}
{"bids": [[7452.92, 0.1238069], [7452.91, 1e-05], [7452.86, 0.12830745], [7449.09, 0.9879], [7447.96, 4.8], [7447.69, 1.0], [7447.1, 0.748], [7445.54, 1.0], [7444.5, 0.672]], "asks": [[7453.09, 2.0], [7453.1, 0.45], [7454.0, 0.44985717], [7454.52, 1.0], [7455.34, 0.9994], [7455.51, 0.45], [7455.57, 0.004447], [7456.25, 1.0], [7457.17, 4.8], [7522.5, 0.05]], "ts": 1571906547589}
{"bids": [[7452.92, 0.1238069], [7452.91, 1e-05], [7452.86, 0.12830745], [7450.98, 0.2], [7449.09, 0.9879], [7447.96, 4.8], [7447.69, 1.0], [7447.1, 0.748], [7445.54, 1.0], [7444.5, 0.672]], "asks": [[7453.09, 2.0], [7453.1, 0.45], [7454.0, 0.44985717], [7454.52, 1.0], [7455.34, 0.9994], [7455.51, 0.45], [7455.57, 0.004447], [7456.25, 1.0], [7457.17, 4.8], [7522.5, 0.05]], "ts": 1571906547595}
{"bids": [[7452.92, 0.1238069], [7452.91, 1e-05], [7452.86, 0.12830745], [7450.98, 0.2], [7449.09, 0.9879], [7447.96, 4.8], [7447.69, 1.0], [7447.1, 0.748], [7445.54, 1.0], [7444.5, 0.672]], "asks": [[7453.09, 2.0], [7453.1, 0.45], [7453.71, 0.2], [7454.0, 0.44985717], [7454.52, 1.0], [7455.34, 0.9994], [7455.51, 0.45], [7455.57, 0.004447], [7456.25, 1.0], [7457.17, 4.8]], "ts": 1571906547604}
{"bids": [[7452.92, 0.1238069], [7452.91, 1e-05], [7452.86, 0.12830745], [7450.98, 0.2], [7449.09, 0.9879], [7447.96, 4.8], [7447.69, 1.0], [7447.1, 0.748], [7445.54, 1.0], [7444.5, 0.672]], "asks": [[7453.09, 2.0], [7453.1, 0.45], [7453.71, 0.2], [7454.0, 0.44985717], [7454.52, 1.0], [7455.34, 0.9994], [7455.51, 0.45], [7455.57, 0.004447], [7456.25, 1.0], [7457.17, 4.8]], "ts": 1571906547611}
{"bids": [[7452.92, 0.1238069], [7452.91, 1e-05], [7452.86, 0.12830745], [7450.98, 0.2], [7449.09, 0.9879], [7447.96, 4.8], [7447.69, 1.0], [7447.1, 0.748], [7445.54, 1.0], [7444.5, 0.672]], "asks": [[7453.09, 2.0], [7453.1, 0.45], [7453.71, 0.2], [7453.8, 1.0], [7454.0, 0.44985717], [7454.52, 1.0], [7455.34, 0.9994], [7455.51, 0.45], [7455.57, 0.004447], [7456.25, 1.0]], "ts": 1571906547620}
{"bids": [[7452.92, 0.1238069], [7452.91, 1e-05], [7452.86, 0.12830745], [7449.09, 0.9879], [7447.96, 4.8], [7447.69, 1.0], [7447.1, 0.748], [7445.54, 1.0], [7444.5, 0.672]], "asks": [[7453.09, 2.0], [7453.1, 0.45], [7453.71, 0.2], [7453.8, 1.0], [7454.0, 0.44985717], [7454.52, 1.0], [7455.34, 0.9994], [7455.51, 0.45], [7455.57, 0.004447], [7456.25, 1.0]], "ts": 1571906547626}
{"bids": [[7452.92, 0.1238069], [7452.91, 1e-05], [7452.86, 0.12830745], [7449.09, 0.9879], [7447.96, 4.8], [7447.69, 1.0], [7447.1, 0.748], [7445.54, 1.0], [7444.5, 0.672]], "asks": [[7453.09, 2.0], [7453.1, 0.45], [7453.8, 1.0], [7454.0, 0.44985717], [7454.52, 1.0], [7455.34, 0.9994], [7455.51, 0.45], [7455.57, 0.004447], [7456.25, 1.0]], "ts": 1571906547633}
{"bids": [[7452.92, 0.1238069], [7452.91, 1e-05], [7452.86, 0.12830745], [7449.09, 0.9879], [7447.96, 4.8], [7447.69, 1.0], [7447.1, 0.748], [7445.54, 1.0], [7444.5, 0.672]], "asks": [[7453.09, 2.0], [7453.1, 0.45], [7454.0, 0.44985717], [7454.52, 1.0], [7455.34, 0.9994], [7455.51, 0.45], [7455.57, 0.004447], [7456.25, 1.0]], "ts": 1571906547639}
{"bids": [[7452.92, 0.1238069], [7452.91, 1e-05], [7452.86, 0.12830745], [7451.56, 0.2], [7449.09, 0.9879], [7447.96, 4.8], [7447.69, 1.0], [7447.1, 0.748], [7445.54, 1.0], [7444.5, 0.672]], "asks": [[7453.09, 2.0], [7453.1, 0.45], [7454.0, 0.44985717], [7454.52, 1.0], [7455.34, 0.9994], [7455.51, 0.45], [7455.57, 0.004447], [7456.25, 1.0]], "ts": 1571906547645}
{"bids": [[7452.92, 0.1238069], [7452.91, 1e-05], [7452.86, 0.12830745], [7451.56, 0.2], [7449.09, 0.9879], [7447.96, 4.8], [7447.69, 1.0], [7447.1, 0.748], [7445.54, 1.0], [7444.5, 0.672]], "asks": [[7453.09, 2.0], [7453.1, 0.45], [7454.0, 0.44985717], [7454.29, 0.2], [7454.52, 1.0], [7455.34, 0.9994], [7455.51, 0.45], [7455.57, 0.004447], [7456.25, 1.0]], "ts": 1571906547653}
{"bids": [[7452.92, 0.1238069], [7452.91, 1e-05], [7452.86, 0.12830745], [7451.56, 0.2], [7449.09, 0.9879], [7447.96, 4.8], [7447.69, 1.0], [7447.1, 0.748], [7445.54, 1.0], [7444.5, 0.672]], "asks": [[7453.09, 2.0], [7453.1, 0.45], [7454.0, 0.44985717], [7454.29, 0.2], [7454.52, 1.0], [7455.34, 0.9994], [7455.51, 0.45], [7455.57, 0.004447], [7456.25, 1.0]], "ts": 1571906547659}
{"bids": [[7452.92, 0.1238069], [7452.91, 1e-05], [7452.86, 0.12830745], [7451.56, 0.2], [7449.09, 0.9879], [7447.96, 4.8], [7447.69, 1.0], [7447.1, 0.748], [7445.54, 1.0], [7444.5, 0.672]], "asks": [[7453.09, 2.0], [7453.1, 0.45], [7454.0, 0.44985717], [7454.29, 0.2], [7454.52, 1.0], [7455.34, 0.9994], [7455.51, 0.45], [7455.57, 0.004447], [7456.25, 1.0]], "ts": 1571906547666}
{"bids": [[7452.92, 0.1238069], [7452.91, 1e-05], [7452.86, 0.12830745], [7451.56, 0.2], [7449.09, 0.9879], [7447.96, 4.8], [7447.69, 1.0], [7447.1, 0.748], [7445.54, 1.0], [7444.5, 0.672]], "asks": [[7453.09, 2.0], [7453.1, 0.45], [7454.0, 0.44985717], [7454.29, 0.2], [7454.52, 1.0], [7455.34, 0.9994], [7455.51, 0.45], [7455.57, 0.004447], [7456.25, 1.0]], "ts": 1571906547671}
{"bids": [[7452.92, 0.1238069], [7452.91, 1e-05], [7452.86, 0.12830745], [7449.09, 0.9879], [7447.96, 4.8], [7447.69, 1.0], [7447.1, 0.748], [7445.54, 1.0], [7444.5, 0.672]], "asks": [[7453.09, 2.0], [7453.1, 0.45], [7454.0, 0.44985717], [7454.29, 0.2], [7454.52, 1.0], [7455.34, 0.9994], [7455.51, 0.45], [7455.57, 0.004447], [7456.25, 1.0]], "ts": 1571906547678}
{"bids": [[7452.92, 0.1238069], [7452.91, 1e-05], [7452.86, 0.12830745], [7449.09, 0.9879], [7447.96, 4.8], [7447.69, 1.0], [7447.1, 0.748], [7445.54, 1.0], [7444.5, 0.672]], "asks": [[7453.09, 2.0], [7453.1, 0.45], [7454.0, 0.44985717], [7454.52, 1.0], [7455.34, 0.9994], [7455.51, 0.45], [7455.57, 0.004447], [7456.25, 1.0]], "ts": 1571906547684}
{"bids": [[7452.92, 0.1238069], [7452.91, 1e-05], [7452.86, 0.12830745], [7449.09, 0.9879], [7447.96, 4.8], [7447.69, 1.0], [7447.1, 0.748], [7445.54, 1.0], [7444.5, 0.672]], "asks": [[7453.09, 2.0], [7453.1, 0.45], [7454.0, 0.44985717], [7454.52, 1.0], [7455.34, 0.9994], [7455.51, 0.45], [7455.57, 0.004447], [7456.25, 1.0], [7458.19, 4.8]], "ts": 1571906547689}
{"bids": [[7452.92, 0.1238069], [7452.91, 1e-05], [7452.86, 0.12830745], [7452.0, 0.2], [7449.09, 0.9879], [7447.96, 4.8], [7447.69, 1.0], [7447.1, 0.748], [7445.54, 1.0], [7444.5, 0.672]], "asks": [[7453.09, 2.0], [7453.1, 0.45], [7454.0, 0.44985717], [7454.52, 1.0], [7455.34, 0.9994], [7455.51, 0.45], [7455.57, 0.004447], [7456.25, 1.0], [7458.19, 4.8]], "ts": 1571906547696}
{"bids": [[7452.92, 0.1238069], [7452.91, 1e-05], [7452.86, 0.12830745], [7452.0, 0.2], [7449.09, 0.9879], [7447.96, 4.8], [7447.69, 1.0], [7447.1, 0.748], [7445.54, 1.0], [7444.5, 0.672]], "asks": [[7453.09, 2.0], [7453.1, 0.45], [7454.0, 0.44985717], [7454.52, 1.0], [7454.73, 0.2], [7455.34, 0.9994], [7455.51, 0.45], [7455.57, 0.004447], [7456.25, 1.0], [7458.19, 4.8]], "ts": 1571906547702}
{"bids": [[7452.92, 0.1238069], [7452.91, 1e-05], [7452.86, 0.12830745], [7452.0, 0.2], [7449.09, 0.9879], [7447.96, 4.8], [7447.69, 1.0], [7447.1, 0.748], [7445.54, 1.0], [7444.5, 0.672]], "asks": [[7453.09, 2.0], [7453.1, 0.45], [7453.82, 1.0], [7454.0, 0.44985717], [7454.52, 1.0], [7454.73, 0.2], [7455.34, 0.9994], [7455.51, 0.45], [7455.57, 0.004447], [7456.25, 1.0]], "ts": 1571906547707}
{"bids": [[7452.92, 0.1238069], [7452.91, 1e-05], [7452.86, 0.12830745], [7452.0, 0.2], [7449.09, 0.9879], [7447.96, 4.8], [7447.69, 1.0], [7447.1, 0.748], [7445.54, 1.0], [7444.5, 0.672]], "asks": [[7453.09, 2.0], [7453.1, 0.45], [7454.0, 0.44985717], [7454.52, 1.0], [7454.73, 0.2], [7455.34, 0.9994], [7455.51, 0.45], [7455.57, 0.004447], [7456.25, 1.0]], "ts": 1571906547714}
{"bids": [[7452.92, 0.1238069], [7452.91, 1e-05], [7452.86, 0.12830745], [7452.0, 0.2], [7449.09, 0.9879], [7447.96, 4.8], [7447.69, 1.0], [7447.1, 0.748], [7445.54, 1.0], [7444.5, 0.672]], "asks": [[7453.09, 2.0], [7453.1, 0.45], [7454.0, 0.44985717], [7454.52, 1.0], [7454.73, 0.2], [7455.34, 0.9994], [7455.51, 0.45], [7455.57, 0.004447], [7456.25, 1.0]], "ts": 1571906547720}
{"bids": [[7452.92, 0.1238069], [7452.91, 1e-05], [7452.86, 0.12830745], [7452.0, 0.2], [7449.09, 0.9879], [7447.96, 4.8], [7447.69, 1.0], [7447.1, 0.748], [7445.54, 1.0], [7444.5, 0.672]], "asks": [[7453.09, 2.0], [7453.1, 0.45], [7454.0, 0.44985717], [7454.52, 1.0], [7454.73, 0.2], [7455.34, 0.9994], [7455.51, 0.45], [7455.57, 0.004447], [7456.25, 1.0]], "ts": 1571906547727}
{"bids": [[7452.92, 0.1238069], [7452.91, 1e-05], [7452.86, 0.12830745], [7452.0, 0.2], [7449.09, 0.9879], [7447.96, 4.8], [7447.69, 1.0], [7447.1, 0.748], [7445.54, 1.0], [7444.5, 0.672]], "asks": [[7453.09, 2.0], [7453.1, 0.45], [7454.0, 0.44985717], [7454.52, 1.0], [7454.73, 0.2], [7455.51, 0.45], [7455.57, 0.004447], [7456.25, 1.0]], "ts": 1571906547733}
{"bids": [[7452.92, 0.1238069], [7452.91, 1e-05], [7452.86, 0.12830745], [7452.0, 0.2], [7449.09, 0.9879], [7447.96, 4.8], [7447.69, 1.0], [7447.1, 0.748], [7445.54, 1.0], [7444.5, 0.672]], "asks": [[7453.09, 2.0], [7453.1, 0.45], [7454.0, 0.44985717], [7454.52, 1.0], [7454.73, 0.2], [7455.51, 0.45], [7455.57, 0.004447], [7455.67, 0.9787], [7456.25, 1.0]], "ts": 1571906547739}
{"bids": [[7452.92, 0.1238069], [7452.91, 1e-05], [7452.86, 0.12830745], [7452.0, 0.2], [7449.09, 0.9879], [7447.96, 4.8], [7447.69, 1.0], [7447.1, 0.748], [7445.54, 1.0], [7444.5, 0.672]], "asks": [[7453.09, 2.0], [7453.1, 0.45], [7453.8, 1.0], [7454.0, 0.44985717], [7454.52, 1.0], [7454.73, 0.2], [7455.51, 0.45], [7455.57, 0.004447], [7455.67, 0.9787], [7456.25, 1.0]], "ts": 1571906547746}
{"bids": [[7452.92, 0.1238069], [7452.91, 1e-05], [7452.86, 0.12830745], [7452.0, 0.2], [7449.09, 0.9879], [7447.96, 4.8], [7447.69, 1.0], [7447.1, 0.748], [7445.54, 1.0], [7444.5, 0.672]], "asks": [[7453.09, 2.0], [7453.1, 0.45], [7454.0, 0.44985717], [7454.52, 1.0], [7454.73, 0.2], [7455.51, 0.45], [7455.57, 0.004447], [7455.67, 0.9787], [7456.25, 1.0]], "ts": 1571906547752}
{"bids": [[7452.92, 0.1238069], [7452.91, 1e-05], [7452.86, 0.12830745], [7452.0, 0.2], [7449.09, 0.9879], [7447.69, 1.0], [7447.1, 0.748], [7445.54, 1.0], [7444.5, 0.672]], "asks": [[7453.09, 2.0], [7453.1, 0.45], [7454.0, 0.44985717], [7454.52, 1.0], [7454.73, 0.2], [7455.51, 0.45], [7455.57, 0.004447], [7455.67, 0.9787], [7456.25, 1.0]], "ts": 1571906547758}
{"bids": [[7452.92, 0.1238069], [7452.91, 1e-05], [7452.86, 0.12830745], [7449.09, 0.9879], [7447.69, 1.0], [7447.1, 0.748], [7445.54, 1.0], [7444.5, 0.672]], "asks": [[7453.09, 2.0], [7453.1, 0.45], [7454.0, 0.44985717], [7454.52, 1.0], [7454.73, 0.2], [7455.51, 0.45], [7455.57, 0.004447], [7455.67, 0.9787], [7456.25, 1.0]], "ts": 1571906547764}
{"bids": [[7452.92, 0.1238069], [7452.91, 1e-05], [7452.86, 0.12830745], [7449.09, 0.9879], [7447.69, 1.0], [7447.1, 0.748], [7445.54, 1.0], [7444.5, 0.672]], "asks": [[7453.09, 2.0], [7453.1, 0.45], [7454.0, 0.44985717], [7454.52, 1.0], [7455.51, 0.45], [7455.57, 0.004447], [7455.67, 0.9787], [7456.25, 1.0]], "ts": 1571906547772}
{"bids": [[7452.92, 0.1238069], [7452.91, 1e-05], [7452.86, 0.12830745], [7449.09, 0.9879], [7449.06, 4.8], [7447.69, 1.0], [7447.1, 0.748], [7445.54, 1.0], [7444.5, 0.672]], "asks": [[7453.09, 2.0], [7453.1, 0.45], [7454.0, 0.44985717], [7454.52, 1.0], [7455.51, 0.45], [7455.57, 0.004447], [7455.67, 0.9787], [7456.25, 1.0]], "ts": 1571906547777}
{"bids": [[7452.92, 0.1238069], [7452.91, 1e-05], [7452.86, 0.12830745], [7452.52, 0.2], [7449.09, 0.9879], [7449.06, 4.8], [7447.69, 1.0], [7447.1, 0.748], [7445.54, 1.0], [7444.5, 0.672]], "asks": [[7453.09, 2.0], [7453.1, 0.45], [7454.0, 0.44985717], [7454.52, 1.0], [7455.51, 0.45], [7455.57, 0.004447], [7455.67, 0.9787], [7456.25, 1.0]], "ts": 1571906547788}
{"bids": [[7452.92, 0.1238069], [7452.91, 1e-05], [7452.86, 0.12830745], [7452.52, 0.2], [7449.09, 0.9879], [7449.06, 4.8], [7447.69, 1.0], [7447.1, 0.748], [7445.54, 1.0], [7444.5, 0.672]], "asks": [[7453.09, 2.0], [7453.1, 0.45], [7454.0, 0.44985717], [7454.52, 1.0], [7455.25, 0.2], [7455.51, 0.45], [7455.57, 0.004447], [7455.67, 0.9787], [7456.25, 1.0]], "ts": 1571906547794}
{"bids": [[7452.92, 0.1238069], [7452.91, 1e-05], [7452.86, 0.12830745], [7452.52, 0.2], [7449.09, 0.9879], [7449.06, 4.8], [7447.69, 1.0], [7447.1, 0.748], [7445.54, 1.0], [7444.5, 0.672]], "asks": [[7453.09, 2.0], [7453.1, 0.45], [7454.0, 0.44985717], [7454.52, 1.0], [7455.25, 0.2], [7455.51, 0.45], [7455.57, 0.004447], [7455.67, 0.9787], [7456.25, 1.0]], "ts": 1571906547803}
{"bids": [[7452.92, 0.1238069], [7452.91, 1e-05], [7452.86, 0.12830745], [7452.52, 0.2], [7449.09, 0.9879], [7449.06, 4.8], [7447.69, 1.0], [7447.1, 0.748], [7445.54, 1.0], [7444.5, 0.672]], "asks": [[7453.09, 2.0], [7453.1, 0.45], [7454.0, 0.44985717], [7454.52, 1.0], [7455.25, 0.2], [7455.51, 0.45], [7455.57, 0.004447], [7455.67, 0.9787], [7456.25, 1.0], [7471.26, 10.0]], "ts": 1571906547809}
{"bids": [[7452.92, 0.1238069], [7452.91, 1e-05], [7452.86, 0.12830745], [7452.52, 0.2], [7449.09, 0.9879], [7449.06, 4.8], [7447.69, 1.0], [7447.1, 0.748], [7445.54, 1.0], [7444.5, 0.672]], "asks": [[7453.1, 0.45], [7454.0, 0.44985717], [7454.52, 1.0], [7455.25, 0.2], [7455.51, 0.45], [7455.57, 0.004447], [7455.67, 0.9787], [7456.25, 1.0], [7471.26, 10.0]], "ts": 1571906547815}
{"bids": [[7452.92, 0.1238069], [7452.91, 1e-05], [7452.86, 0.12830745], [7452.52, 0.2], [7449.09, 0.9879], [7449.06, 4.8], [7447.69, 1.0], [7447.31, 1.0], [7447.1, 0.748], [7445.54, 1.0]], "asks": [[7453.1, 0.45], [7454.0, 0.44985717], [7454.52, 1.0], [7455.25, 0.2], [7455.51, 0.45], [7455.57, 0.004447], [7455.67, 0.9787], [7456.25, 1.0], [7471.26, 10.0]], "ts": 1571906547824}
{"bids": [[7452.92, 0.1238069], [7452.91, 1e-05], [7452.86, 0.12830745], [7452.52, 0.2], [7449.09, 0.9879], [7449.06, 4.8], [7447.69, 1.0], [7447.31, 1.0], [7447.1, 0.748], [7445.54, 1.0]], "asks": [[7453.1, 0.45], [7454.0, 0.44985717], [7455.25, 0.2], [7455.51, 0.45], [7455.57, 0.004447], [7455.67, 0.9787], [7456.25, 1.0], [7471.26, 10.0]], "ts": 1571906547831}
{"bids": [[7452.92, 0.1238069], [7452.91, 1e-05], [7452.86, 0.12830745], [7452.52, 0.2], [7449.09, 0.9879], [7449.06, 4.8], [7447.69, 1.0], [7447.31, 1.0], [7447.1, 0.748], [7445.54, 1.0]], "asks": [[7453.1, 0.45], [7454.0, 0.44985717], [7455.25, 0.2], [7455.51, 0.45], [7455.57, 0.004447], [7455.67, 0.9787], [7456.25, 1.0], [7471.26, 10.0]], "ts": 1571906547848}
{"bids": [[7452.92, 0.1238069], [7452.91, 1e-05], [7452.86, 0.12830745], [7449.09, 0.9879], [7449.06, 4.8], [7447.69, 1.0], [7447.31, 1.0], [7447.1, 0.748], [7445.54, 1.0]], "asks": [[7453.1, 0.45], [7454.0, 0.44985717], [7455.25, 0.2], [7455.51, 0.45], [7455.57, 0.004447], [7455.67, 0.9787], [7456.25, 1.0], [7471.26, 10.0]], "ts": 1571906547857}
{"bids": [[7452.92, 0.1238069], [7452.91, 1e-05], [7452.86, 0.12830745], [7449.09, 0.9879], [7449.06, 4.8], [7447.69, 1.0], [7447.31, 1.0], [7447.1, 0.748], [7445.54, 1.0]], "asks": [[7453.1, 0.45], [7454.0, 0.44985717], [7455.25, 0.2], [7455.51, 0.45], [7455.57, 0.004447], [7455.67, 0.9787], [7456.25, 1.0], [7471.26, 10.0]], "ts": 1571906547867}
{"bids": [[7452.92, 0.1238069], [7452.91, 1e-05], [7452.86, 0.12830745], [7449.09, 0.9879], [7449.06, 4.8], [7447.69, 1.0], [7447.31, 1.0], [7447.1, 0.748], [7445.54, 1.0]], "asks": [[7453.1, 0.45], [7454.0, 0.44985717], [7455.51, 0.45], [7455.57, 0.004447], [7455.67, 0.9787], [7456.25, 1.0], [7471.26, 10.0]], "ts": 1571906547873}
{"bids": [[7452.92, 0.1238069], [7452.91, 1e-05], [7452.86, 0.12830745], [7449.09, 0.9879], [7449.06, 4.8], [7447.69, 1.0], [7447.31, 1.0], [7447.1, 0.748], [7445.54, 1.0]], "asks": [[7453.1, 0.45], [7454.0, 0.44985717], [7455.51, 0.45], [7455.57, 0.004447], [7455.67, 0.9787], [7456.25, 1.0], [7459.13, 4.8], [7471.26, 10.0]], "ts": 1571906547880}
{"bids": [[7452.93, 0.2], [7452.92, 0.1238069], [7452.91, 1e-05], [7452.86, 0.12830745], [7449.09, 0.9879], [7449.06, 4.8], [7447.69, 1.0], [7447.31, 1.0], [7447.1, 0.748], [7445.54, 1.0]], "asks": [[7453.1, 0.45], [7454.0, 0.44985717], [7455.51, 0.45], [7455.57, 0.004447], [7455.67, 0.9787], [7456.25, 1.0], [7459.13, 4.8], [7471.26, 10.0]], "ts": 1571906547886}
{"bids": [[7452.93, 0.2], [7452.92, 0.1238069], [7452.91, 1e-05], [7452.86, 0.12830745], [7449.09, 0.9879], [7449.06, 4.8], [7447.69, 1.0], [7447.31, 1.0], [7447.1, 0.748], [7445.54, 1.0]], "asks": [[7453.1, 0.45], [7454.0, 0.44985717], [7455.51, 0.45], [7455.57, 0.004447], [7455.66, 0.2], [7455.67, 0.9787], [7456.25, 1.0], [7459.13, 4.8], [7471.26, 10.0]], "ts": 1571906547892}
{"bids": [[7452.93, 0.2], [7452.92, 0.1237269], [7452.91, 1e-05], [7452.86, 0.12830745], [7449.09, 0.9879], [7449.06, 4.8], [7447.69, 1.0], [7447.31, 1.0], [7447.1, 0.748], [7445.54, 1.0]], "asks": [[7453.1, 0.45], [7454.0, 0.44985717], [7455.51, 0.45], [7455.57, 0.004447], [7455.66, 0.2], [7455.67, 0.9787], [7456.25, 1.0], [7459.13, 4.8], [7471.26, 10.0]], "ts": 1571906547899}
{"bids": [[7452.93, 0.2], [7452.92, 0.1237269], [7452.91, 1e-05], [7452.86, 0.12830745], [7449.09, 0.9879], [7449.06, 4.8], [7447.69, 1.0], [7447.31, 1.0], [7447.1, 0.748], [7445.54, 1.0]], "asks": [[7453.1, 0.45], [7454.0, 0.44985717], [7455.51, 0.45], [7455.57, 0.004447], [7455.66, 0.2], [7455.67, 0.9787], [7456.25, 1.0], [7459.13, 4.8], [7471.26, 10.0], [7500.0, 5.00466667]], "ts": 1571906547904}
{"bids": [[7452.93, 0.20008], [7452.92, 0.1237269], [7452.91, 1e-05], [7452.86, 0.12830745], [7449.09, 0.9879], [7449.06, 4.8], [7447.69, 1.0], [7447.31, 1.0], [7447.1, 0.748], [7445.54, 1.0]], "asks": [[7453.1, 0.45], [7454.0, 0.44985717], [7455.51, 0.45], [7455.57, 0.004447], [7455.66, 0.2], [7455.67, 0.9787], [7456.25, 1.0], [7459.13, 4.8], [7471.26, 10.0], [7500.0, 5.00466667]], "ts": 1571906547912}
{"bids": [[7452.93, 0.20008], [7452.92, 0.1236069], [7452.91, 1e-05], [7452.86, 0.12830745], [7449.09, 0.9879], [7449.06, 4.8], [7447.69, 1.0], [7447.31, 1.0], [7447.1, 0.748], [7445.54, 1.0]], "asks": [[7453.1, 0.45], [7454.0, 0.44985717], [7455.51, 0.45], [7455.57, 0.004447], [7455.66, 0.2], [7455.67, 0.9787], [7456.25, 1.0], [7459.13, 4.8], [7471.26, 10.0], [7500.0, 5.00466667]], "ts": 1571906547918}
{"bids": [[7452.93, 0.20008], [7452.92, 0.1236069], [7452.91, 1e-05], [7452.86, 0.12830745], [7449.09, 0.9879], [7449.06, 4.8], [7447.69, 1.0], [7447.31, 1.0], [7447.1, 0.748], [7445.54, 1.0]], "asks": [[7453.1, 0.45], [7454.0, 0.44985717], [7455.51, 0.45], [7455.57, 0.004447], [7455.66, 0.2], [7456.25, 1.0], [7459.13, 4.8], [7471.26, 10.0], [7500.0, 5.00466667]], "ts": 1571906547924}
{"bids": [[7452.93, 0.2002], [7452.92, 0.1236069], [7452.91, 1e-05], [7452.86, 0.12830745], [7449.09, 0.9879], [7449.06, 4.8], [7447.69, 1.0], [7447.31, 1.0], [7447.1, 0.748], [7445.54, 1.0]], "asks": [[7453.1, 0.45], [7454.0, 0.44985717], [7455.51, 0.45], [7455.57, 0.004447], [7455.66, 0.2], [7456.25, 1.0], [7459.13, 4.8], [7471.26, 10.0], [7500.0, 5.00466667]], "ts": 1571906547931}
{"bids": [[7452.93, 0.2002], [7452.92, 0.1236069], [7452.91, 1e-05], [7452.86, 0.12830745], [7449.09, 0.9879], [7449.06, 4.8], [7447.69, 1.0], [7447.31, 1.0], [7447.1, 0.748], [7445.54, 1.0]], "asks": [[7453.1, 0.45], [7454.0, 0.44985717], [7455.51, 0.45], [7455.57, 0.004447], [7455.66, 0.2], [7456.25, 1.0], [7456.32, 0.9871], [7459.13, 4.8], [7471.26, 10.0], [7500.0, 5.00466667]], "ts": 1571906547937}
{"bids": [[7452.93, 0.2002], [7452.92, 0.1236069], [7452.91, 1e-05], [7452.86, 0.12830745], [7449.09, 0.9879], [7449.06, 4.8], [7447.69, 1.0], [7447.31, 1.0], [7447.1, 0.748], [7445.54, 1.0]], "asks": [[7453.1, 0.45], [7454.0, 0.44985717], [7455.51, 0.45], [7455.57, 0.004447], [7455.66, 0.2], [7456.25, 1.0], [7456.32, 0.9871], [7459.13, 4.8], [7471.26, 10.0], [7500.0, 5.00466667]], "ts": 1571906547947}
{"bids": [[7452.93, 0.2002], [7452.92, 0.1236069], [7452.91, 1e-05], [7452.86, 0.12830745], [7449.09, 0.9879], [7449.06, 4.8], [7447.69, 1.0], [7447.31, 1.0], [7447.1, 0.748], [7445.54, 1.0]], "asks": [[7453.1, 0.45], [7454.0, 0.44985717], [7455.51, 0.45], [7455.57, 0.004447], [7456.25, 1.0], [7456.32, 0.9871], [7459.13, 4.8], [7471.26, 10.0], [7500.0, 5.00466667]], "ts": 1571906547954}
{"bids": [[7452.93, 0.2002], [7452.92, 0.1236069], [7452.91, 1e-05], [7452.86, 0.12830745], [7449.09, 0.9879], [7449.06, 4.8], [7447.69, 1.0], [7447.31, 1.0], [7447.1, 0.748], [7445.54, 1.0]], "asks": [[7453.1, 0.45], [7454.0, 0.44985717], [7455.42, 0.2], [7455.51, 0.45], [7455.57, 0.004447], [7456.25, 1.0], [7456.32, 0.9871], [7459.13, 4.8], [7471.26, 10.0], [7500.0, 5.00466667]], "ts": 1571906547961}
{"bids": [[7452.93, 0.2002], [7452.92, 0.1236069], [7452.91, 1e-05], [7452.86, 0.12830745], [7449.09, 0.9879], [7449.06, 4.8], [7447.69, 1.0], [7447.31, 1.0], [7447.1, 0.748], [7445.54, 1.0]], "asks": [[7453.1, 0.45], [7454.0, 0.44985717], [7455.42, 0.2], [7455.51, 0.45], [7455.57, 0.004447], [7456.25, 1.0], [7456.32, 0.9871], [7459.13, 4.8], [7471.26, 10.0], [7500.0, 5.00466667]], "ts": 1571906547966}
{"bids": [[7452.93, 0.2002], [7452.92, 0.1236069], [7452.91, 1e-05], [7452.86, 0.12830745], [7449.09, 0.9879], [7449.06, 4.8], [7447.69, 1.0], [7447.31, 1.0], [7447.1, 0.748], [7445.54, 1.0]], "asks": [[7453.1, 0.45], [7454.0, 0.44985717], [7455.42, 0.2], [7455.51, 0.45], [7455.57, 0.004447], [7456.25, 1.0], [7456.32, 0.9871], [7459.13, 4.8], [7471.26, 10.0], [7500.0, 5.00466667]], "ts": 1571906547972}
{"bids": [[7452.93, 0.2002], [7452.92, 0.1236069], [7452.91, 1e-05], [7452.86, 0.12830745], [7449.09, 0.9879], [7449.06, 4.8], [7447.69, 1.0], [7447.31, 1.0], [7447.1, 0.748], [7445.54, 1.0]], "asks": [[7453.1, 0.45], [7454.0, 0.44985717], [7454.44, 1.0], [7455.42, 0.2], [7455.51, 0.45], [7455.57, 0.004447], [7456.25, 1.0], [7456.32, 0.9871], [7459.13, 4.8], [7471.26, 10.0]], "ts": 1571906547979}
{"bids": [[7452.93, 0.2002], [7452.92, 0.1236069], [7452.91, 1e-05], [7452.86, 0.12830745], [7449.09, 0.9879], [7449.06, 4.8], [7447.69, 1.0], [7447.31, 1.0], [7447.1, 0.748], [7445.54, 1.0]], "asks": [[7453.1, 0.45], [7454.0, 0.44985717], [7455.42, 0.2], [7455.51, 0.45], [7455.57, 0.004447], [7456.25, 1.0], [7456.32, 0.9871], [7459.13, 4.8], [7471.26, 10.0]], "ts": 1571906547985}
{"bids": [[7452.93, 0.2002], [7452.92, 0.1236069], [7452.91, 1e-05], [7452.86, 0.12830745], [7449.09, 0.9879], [7449.06, 4.8], [7447.69, 1.0], [7447.31, 1.0], [7447.1, 0.748], [7445.54, 1.0]], "asks": [[7453.1, 0.45], [7454.0, 0.44985717], [7455.42, 0.2], [7455.51, 0.45], [7455.57, 0.004447], [7456.25, 1.0], [7456.32, 0.9871], [7459.13, 4.8], [7461.56, 1.0], [7471.26, 10.0]], "ts": 1571906547990}
{"bids": [[7452.93, 0.2002], [7452.92, 0.1236069], [7452.91, 1e-05], [7452.86, 0.12830745], [7449.09, 0.9879], [7449.06, 4.8], [7447.69, 1.0], [7447.31, 1.0], [7447.1, 0.748], [7445.54, 1.0]], "asks": [[7453.1, 0.45], [7454.0, 0.44985717], [7455.42, 0.2], [7455.51, 0.45], [7455.57, 0.004447], [7456.25, 1.0], [7456.32, 0.9871], [7459.13, 4.8], [7461.56, 1.0], [7471.26, 10.0]], "ts": 1571906547997}
{"bids": [[7452.93, 0.2002], [7452.92, 0.1236069], [7452.91, 1e-05], [7452.86, 0.12830745], [7449.09, 0.9879], [7449.06, 4.8], [7447.69, 1.0], [7447.31, 1.0], [7447.1, 0.748], [7445.54, 1.0]], "asks": [[7453.1, 0.45], [7454.0, 0.44985717], [7455.42, 0.2], [7455.51, 0.45], [7455.57, 0.004447], [7456.25, 1.0], [7456.32, 0.9871], [7459.13, 4.8], [7461.56, 1.0], [7471.26, 10.0]], "ts": 1571906548002}
{"bids": [[7452.93, 0.2002], [7452.92, 0.1236069], [7452.91, 1e-05], [7452.86, 0.12830745], [7449.09, 0.9879], [7449.06, 4.8], [7447.69, 1.0], [7447.31, 1.0], [7447.1, 0.748], [7445.54, 1.0]], "asks": [[7453.1, 0.45], [7454.0, 0.44985717], [7455.42, 0.2], [7455.51, 0.45], [7455.57, 0.004447], [7456.25, 1.0], [7456.32, 0.9871], [7459.13, 4.8], [7461.56, 1.0], [7471.26, 10.0]], "ts": 1571906548009}
{"bids": [[7452.93, 0.2002], [7452.92, 0.1236069], [7452.91, 1e-05], [7452.86, 0.12830745], [7449.09, 0.9879], [7449.06, 4.8], [7447.69, 1.0], [7447.31, 1.0], [7447.1, 0.748], [7445.54, 1.0]], "asks": [[7453.1, 0.45], [7454.0, 0.44985717], [7455.42, 0.2], [7455.51, 0.45], [7455.57, 0.004447], [7456.25, 1.0], [7456.32, 0.9871], [7459.13, 4.8], [7461.56, 1.0], [7471.26, 10.0]], "ts": 1571906548015}
{"bids": [[7452.93, 0.2002], [7452.92, 0.1236069], [7452.91, 1e-05], [7452.86, 0.12830745], [7449.09, 0.9879], [7449.06, 4.8], [7447.69, 1.0], [7447.31, 1.0], [7447.1, 0.748], [7445.54, 1.0]], "asks": [[7453.1, 0.45], [7454.0, 0.44985717], [7455.42, 0.2], [7455.51, 0.45], [7455.57, 0.004447], [7456.25, 1.0], [7456.32, 0.9871], [7459.13, 4.8], [7461.56, 1.0], [7471.26, 10.0]], "ts": 1571906548021}
{"bids": [[7452.93, 0.2002], [7452.92, 0.1236069], [7452.91, 1e-05], [7452.86, 0.12830745], [7449.09, 0.9879], [7449.06, 4.8], [7447.69, 1.0], [7447.31, 1.0], [7447.1, 0.748], [7445.54, 1.0]], "asks": [[7453.1, 0.45], [7454.0, 0.44985717], [7455.42, 0.2], [7455.51, 0.45], [7455.57, 0.004447], [7456.25, 1.0], [7456.32, 0.9871], [7459.13, 4.8], [7461.56, 1.0], [7471.26, 10.0]], "ts": 1571906548028}
{"bids": [[7452.93, 0.2002], [7452.92, 0.1236069], [7452.91, 1e-05], [7452.86, 0.12830745], [7449.09, 0.9879], [7449.06, 4.8], [7447.69, 1.0], [7447.31, 1.0], [7447.1, 0.748], [7445.54, 1.0]], "asks": [[7453.1, 0.45], [7454.0, 0.44985717], [7454.59, 1.0], [7455.42, 0.2], [7455.51, 0.45], [7455.57, 0.004447], [7456.25, 1.0], [7456.32, 0.9871], [7459.13, 4.8], [7461.56, 1.0]], "ts": 1571906548039}
{"bids": [[7452.93, 0.2002], [7452.92, 0.1236069], [7452.91, 1e-05], [7452.86, 0.12830745], [7449.09, 0.9879], [7449.06, 4.8], [7447.69, 1.0], [7447.31, 1.0], [7447.1, 0.748], [7445.54, 1.0]], "asks": [[7453.1, 0.45], [7454.0, 0.44985717], [7454.59, 1.0], [7455.42, 0.2], [7455.51, 0.45], [7455.57, 0.004447], [7456.25, 1.0], [7456.32, 0.9871], [7459.13, 4.8], [7461.56, 1.0]], "ts": 1571906548045}
{"bids": [[7452.93, 0.2002], [7452.92, 0.1236069], [7452.91, 1e-05], [7452.86, 0.12830745], [7449.09, 0.9879], [7449.06, 4.8], [7447.69, 1.0], [7447.31, 1.0], [7447.1, 0.748], [7445.54, 1.0]], "asks": [[7453.1, 0.45], [7454.0, 0.44985717], [7454.59, 1.0], [7455.42, 0.2], [7455.51, 0.45], [7455.57, 0.004447], [7456.25, 1.0], [7456.32, 0.9871], [7459.13, 4.8], [7461.56, 1.0]], "ts": 1571906548055}
{"bids": [[7452.93, 0.2002], [7452.92, 0.1236069], [7452.91, 1e-05], [7452.86, 0.12830745], [7449.09, 0.9879], [7449.06, 4.8], [7447.69, 1.0], [7447.31, 1.0], [7447.1, 0.748], [7445.54, 1.0]], "asks": [[7453.1, 0.45], [7454.0, 0.44985717], [7454.59, 1.0], [7455.42, 0.2], [7455.51, 0.45], [7455.57, 0.004447], [7456.25, 1.0], [7456.32, 0.9871], [7459.13, 4.8], [7461.56, 1.0]], "ts": 1571906548061}
{"bids": [[7452.93, 0.2002], [7452.92, 0.1236069], [7452.91, 1e-05], [7452.86, 0.12830745], [7449.09, 0.9879], [7449.06, 4.8], [7447.69, 1.0], [7447.31, 1.0], [7447.1, 0.748], [7445.54, 1.0]], "asks": [[7453.1, 0.45], [7454.0, 0.44985717], [7454.59, 1.0], [7455.42, 0.2], [7455.51, 0.45], [7455.57, 0.004447], [7456.25, 1.0], [7456.32, 0.9871], [7459.13, 4.8], [7461.56, 1.0]], "ts": 1571906548066}
{"bids": [[7452.93, 0.2002], [7452.92, 0.1236069], [7452.91, 1e-05], [7452.86, 0.12830745], [7449.09, 0.9879], [7449.06, 4.8], [7447.69, 1.0], [7447.31, 1.0], [7447.1, 0.748], [7445.54, 1.0]], "asks": [[7453.1, 0.45], [7454.0, 0.44985717], [7455.42, 0.2], [7455.51, 0.45], [7455.57, 0.004447], [7456.25, 1.0], [7456.32, 0.9871], [7459.13, 4.8], [7461.56, 1.0]], "ts": 1571906548073}
{"bids": [[7452.93, 0.2002], [7452.92, 0.1236069], [7452.91, 1e-05], [7452.86, 0.12830745], [7449.09, 0.9879], [7449.06, 4.8], [7447.69, 1.0], [7447.31, 1.0], [7447.1, 0.748], [7445.54, 1.0]], "asks": [[7453.1, 0.45], [7454.0, 0.44985717], [7455.42, 0.2], [7455.51, 0.45], [7455.57, 0.004447], [7456.25, 1.0], [7456.32, 0.9871], [7459.13, 4.8], [7461.56, 1.0]], "ts": 1571906548078}
{"bids": [[7452.93, 0.2002], [7452.92, 0.1236069], [7452.91, 1e-05], [7452.86, 0.12830745], [7449.09, 0.9879], [7449.06, 4.8], [7447.69, 1.0], [7447.31, 1.0], [7447.1, 0.748], [7445.54, 1.0]], "asks": [[7453.1, 0.45], [7454.0, 0.44985717], [7455.42, 0.2], [7455.51, 0.45], [7455.57, 0.004447], [7456.25, 1.0], [7456.32, 0.9871], [7459.13, 4.8], [7461.56, 1.0], [7500.0, 0.00466667]], "ts": 1571906548085}
{"bids": [[7452.93, 0.2002], [7452.92, 0.1236069], [7452.91, 1e-05], [7452.86, 0.12830745], [7449.09, 0.9879], [7449.06, 4.8], [7447.69, 1.0], [7447.31, 1.0], [7447.1, 0.748], [7445.54, 1.0]], "asks": [[7453.1, 0.45], [7454.0, 0.44985717], [7455.42, 0.2], [7455.51, 0.45], [7455.57, 0.004447], [7456.25, 1.0], [7456.32, 0.9871], [7459.13, 4.8], [7461.56, 1.0], [7500.0, 0.00466667]], "ts": 1571906548091}
{"bids": [[7452.93, 0.2002], [7452.92, 0.1236069], [7452.91, 1e-05], [7452.86, 0.12830745], [7449.09, 0.9879], [7449.06, 4.8], [7447.69, 1.0], [7447.31, 1.0], [7447.1, 0.748], [7445.54, 1.0]], "asks": [[7453.1, 0.45], [7454.0, 0.44985717], [7455.42, 0.2], [7455.51, 0.45], [7455.57, 0.004447], [7456.25, 1.0], [7456.32, 0.9871], [7459.13, 4.8], [7461.56, 1.0], [7500.0, 5.00366667]], "ts": 1571906548097}
{"bids": [[7452.93, 0.2002], [7452.92, 0.1236069], [7452.91, 1e-05], [7452.86, 0.12830745], [7449.09, 0.9879], [7449.06, 4.8], [7447.69, 1.0], [7447.31, 1.0], [7447.1, 0.748], [7445.54, 1.0]], "asks": [[7453.1, 0.45], [7454.0, 0.44985717], [7455.42, 0.2], [7455.51, 0.45], [7455.57, 0.004447], [7456.25, 1.0], [7456.32, 0.9871], [7459.13, 4.8], [7461.56, 1.0], [7495.0, 4.999]], "ts": 1571906548104}
{"bids": [[7452.93, 0.2002], [7452.92, 0.1236069], [7452.91, 1e-05], [7452.86, 0.12830745], [7449.09, 0.9879], [7449.06, 4.8], [7447.69, 1.0], [7447.31, 1.0], [7447.1, 0.748], [7445.54, 1.0]], "asks": [[7453.1, 0.45], [7454.0, 0.44985717], [7455.42, 0.2], [7455.51, 0.45], [7455.57, 0.004447], [7456.25, 1.0], [7456.32, 0.9871], [7459.13, 4.8], [7461.56, 1.0], [7495.0, 4.999]], "ts": 1571906548109}
{"bids": [[7452.93, 0.2002], [7452.92, 0.1236069], [7452.91, 1e-05], [7452.86, 0.12830745], [7449.09, 0.9879], [7449.06, 4.8], [7447.69, 1.0], [7447.31, 1.0], [7447.1, 0.748], [7445.54, 1.0]], "asks": [[7453.09, 2.0], [7453.1, 0.45], [7454.0, 0.44985717], [7455.42, 0.2], [7455.51, 0.45], [7455.57, 0.004447], [7456.25, 1.0], [7456.32, 0.9871], [7459.13, 4.8], [7461.56, 1.0]], "ts": 1571906548115}
{"bids": [[7452.93, 0.2002], [7452.92, 0.1236069], [7452.91, 1e-05], [7452.86, 0.12830745], [7449.09, 0.9879], [7449.06, 4.8], [7447.69, 1.0], [7447.31, 1.0], [7447.1, 0.748], [7445.54, 1.0]], "asks": [[7453.09, 2.0], [7453.1, 0.45], [7454.0, 0.44985717], [7454.31, 1.0], [7455.42, 0.2], [7455.51, 0.45], [7455.57, 0.004447], [7456.25, 1.0], [7456.32, 0.9871], [7459.13, 4.8]], "ts": 1571906548121}
{"bids": [[7452.93, 0.2002], [7452.92, 0.1236069], [7452.91, 1e-05], [7452.86, 0.12830745], [7449.09, 0.9879], [7449.06, 4.8], [7447.69, 1.0], [7447.31, 1.0], [7447.1, 0.748], [7445.54, 1.0]], "asks": [[7453.09, 2.0], [7453.1, 0.45], [7454.0, 0.44985717], [7454.31, 1.0], [7455.42, 0.2], [7455.51, 0.45], [7455.57, 0.004447], [7456.25, 1.0], [7456.32, 0.9871], [7459.13, 4.8]], "ts": 1571906548127}
{"bids": [[7452.93, 0.0002], [7452.92, 0.1236069], [7452.91, 1e-05], [7452.86, 0.12830745], [7449.09, 0.9879], [7449.06, 4.8], [7447.69, 1.0], [7447.31, 1.0], [7447.1, 0.748], [7445.54, 1.0]], "asks": [[7453.09, 2.0], [7453.1, 0.45], [7454.0, 0.44985717], [7454.31, 1.0], [7455.42, 0.2], [7455.51, 0.45], [7455.57, 0.004447], [7456.25, 1.0], [7456.32, 0.9871], [7459.13, 4.8]], "ts": 1571906548134}
{"bids": [[7452.93, 0.0002], [7452.92, 0.1236069], [7452.91, 1e-05], [7452.86, 0.12830745], [7449.09, 0.9879], [7449.06, 4.8], [7447.69, 1.0], [7447.31, 1.0], [7447.1, 0.748], [7445.54, 1.0]], "asks": [[7453.09, 2.0], [7453.1, 0.45], [7454.0, 0.44985717], [7454.31, 1.0], [7455.51, 0.45], [7455.57, 0.004447], [7456.25, 1.0], [7456.32, 0.9871], [7459.13, 4.8]], "ts": 1571906548140}
{"bids": [[7452.93, 0.0002], [7452.91, 1e-05], [7452.86, 0.12830745], [7449.09, 0.9879], [7449.06, 4.8], [7447.69, 1.0], [7447.31, 1.0], [7447.1, 0.748], [7445.54, 1.0]], "asks": [[7453.09, 2.0], [7453.1, 0.45], [7454.0, 0.44985717], [7454.31, 1.0], [7455.51, 0.45], [7455.57, 0.004447], [7456.25, 1.0], [7456.32, 0.9871], [7459.13, 4.8]], "ts": 1571906548147}
{"bids": [[7452.93, 0.0002], [7452.91, 1e-05], [7452.86, 0.12830745], [7452.27, 0.2], [7449.09, 0.9879], [7449.06, 4.8], [7447.69, 1.0], [7447.31, 1.0], [7447.1, 0.748], [7445.54, 1.0]], "asks": [[7453.09, 2.0], [7453.1, 0.45], [7454.0, 0.44985717], [7454.31, 1.0], [7455.51, 0.45], [7455.57, 0.004447], [7456.25, 1.0], [7456.32, 0.9871], [7459.13, 4.8]], "ts": 1571906548153}
{"bids": [[7452.93, 0.0002], [7452.91, 1e-05], [7452.86, 0.12830745], [7452.27, 0.2], [7449.09, 0.9879], [7449.06, 4.8], [7447.69, 1.0], [7447.31, 1.0], [7447.1, 0.748], [7445.54, 1.0]], "asks": [[7453.09, 2.0], [7453.1, 0.45], [7454.0, 0.44985717], [7454.31, 1.0], [7455.0, 0.2], [7455.51, 0.45], [7455.57, 0.004447], [7456.25, 1.0], [7456.32, 0.9871], [7459.13, 4.8]], "ts": 1571906548159}
{"bids": [[7452.93, 0.0002], [7452.91, 1e-05], [7452.86, 0.12830745], [7452.27, 0.2], [7449.09, 0.9879], [7449.06, 4.8], [7447.69, 1.0], [7447.31, 1.0], [7447.1, 0.748], [7445.54, 1.0]], "asks": [[7453.09, 2.0], [7453.1, 0.45], [7454.0, 0.44985717], [7454.31, 1.0], [7455.0, 0.2], [7455.51, 0.45], [7455.57, 0.004447], [7456.25, 1.0], [7456.32, 0.9871], [7459.13, 4.8]], "ts": 1571906548166}
{"bids": [[7452.93, 0.0002], [7452.91, 1e-05], [7452.86, 0.12830745], [7452.27, 0.2], [7449.09, 0.9879], [7449.06, 4.8], [7447.69, 1.0], [7447.31, 1.0], [7447.1, 0.748], [7445.54, 1.0]], "asks": [[7453.09, 2.0], [7453.1, 0.45], [7454.0, 0.44985717], [7454.31, 1.0], [7455.0, 0.2], [7455.51, 0.45], [7455.57, 0.004447], [7456.25, 1.0], [7456.32, 0.9871], [7459.13, 4.8]], "ts": 1571906548171}
{"bids": [[7452.93, 0.0002], [7452.91, 1e-05], [7452.86, 0.12830745], [7452.27, 0.2], [7449.09, 0.9879], [7449.06, 4.8], [7447.69, 1.0], [7447.31, 1.0], [7447.1, 0.748], [7445.54, 1.0]], "asks": [[7453.09, 2.0], [7453.1, 0.45], [7454.0, 0.44985717], [7455.0, 0.2], [7455.51, 0.45], [7455.57, 0.004447], [7456.25, 1.0], [7456.32, 0.9871], [7459.13, 4.8]], "ts": 1571906548178}
{"bids": [[7452.93, 0.0002], [7452.91, 1e-05], [7452.86, 0.12830745], [7452.27, 0.2], [7449.09, 0.9879], [7449.06, 4.8], [7447.69, 1.0], [7447.31, 1.0], [7447.1, 0.748], [7445.54, 1.0]], "asks": [[7453.09, 2.0], [7453.1, 0.45], [7454.0, 0.44985717], [7455.0, 0.2], [7455.51, 0.45], [7455.57, 0.004447], [7456.25, 1.0], [7459.13, 4.8]], "ts": 1571906548187}
{"bids": [[7452.93, 0.0002], [7452.91, 1e-05], [7452.86, 0.12830745], [7452.27, 0.2], [7449.09, 0.9879], [7449.06, 4.8], [7447.69, 1.0], [7447.31, 1.0], [7447.1, 0.748], [7445.54, 1.0]], "asks": [[7453.09, 2.0], [7453.1, 0.45], [7454.0, 0.44985717], [7455.0, 0.2], [7455.51, 0.45], [7455.57, 0.004447], [7455.81, 0.9868], [7456.25, 1.0], [7459.13, 4.8]], "ts": 1571906548192}
{"bids": [[7452.93, 0.0002], [7452.91, 1e-05], [7452.86, 0.12830745], [7452.27, 0.2], [7449.09, 0.9879], [7449.06, 4.8], [7447.69, 1.0], [7447.31, 1.0], [7447.1, 0.748], [7445.54, 1.0]], "asks": [[7453.09, 2.0], [7453.1, 0.45], [7454.0, 0.44985717], [7455.0, 0.2], [7455.51, 0.45], [7455.57, 0.004447], [7455.81, 0.9868], [7456.25, 1.0], [7459.13, 4.8], [7468.82, 0.30901698]], "ts": 1571906548200}
{"bids": [[7452.93, 0.0002], [7452.91, 1e-05], [7452.86, 0.12830745], [7452.27, 0.2], [7449.09, 0.9879], [7449.06, 4.8], [7447.69, 1.0], [7447.31, 1.0], [7447.1, 0.748], [7445.54, 1.0]], "asks": [[7453.09, 2.0], [7453.1, 0.45], [7454.0, 0.44985717], [7455.0, 0.2], [7455.51, 0.45], [7455.57, 0.004447], [7455.81, 0.9868], [7456.25, 1.0], [7459.13, 4.8], [7468.82, 0.30901698]], "ts": 1571906548205}
{"bids": [[7452.93, 0.0002], [7452.91, 1e-05], [7452.86, 0.12830745], [7452.27, 0.2], [7449.09, 0.9879], [7449.06, 4.8], [7447.69, 1.0], [7447.31, 1.0], [7447.1, 0.748], [7445.54, 1.0]], "asks": [[7453.09, 2.0], [7453.1, 0.45], [7454.0, 0.44985717], [7454.23, 1.0], [7455.0, 0.2], [7455.51, 0.45], [7455.57, 0.004447], [7455.81, 0.9868], [7456.25, 1.0], [7459.13, 4.8]], "ts": 1571906548211}
{"bids": [[7452.93, 0.0002], [7452.91, 1e-05], [7452.86, 0.12830745], [7452.27, 0.2], [7449.09, 0.9879], [7449.06, 4.8], [7447.69, 1.0], [7447.31, 1.0], [7447.1, 0.748], [7445.54, 1.0]], "asks": [[7453.09, 2.0], [7453.1, 0.45], [7454.0, 0.44985717], [7455.0, 0.2], [7455.51, 0.45], [7455.57, 0.004447], [7455.81, 0.9868], [7456.25, 1.0], [7459.13, 4.8]], "ts": 1571906548216}
{"bids": [[7452.93, 0.0002], [7452.91, 1e-05], [7452.86, 0.12830745], [7452.27, 0.2], [7449.09, 0.9879], [7449.06, 4.8], [7447.69, 1.0], [7447.31, 1.0], [7447.1, 0.748], [7445.54, 1.0]], "asks": [[7453.09, 2.0], [7453.1, 0.45], [7454.0, 0.44985717], [7455.0, 0.2], [7455.51, 0.45], [7455.57, 0.004447], [7455.81, 0.9868], [7456.25, 1.0], [7459.13, 4.8]], "ts": 1571906548222}
{"bids": [[7452.93, 0.0002], [7452.91, 1e-05], [7452.86, 0.12830745], [7452.27, 0.2], [7449.09, 0.9879], [7449.06, 4.8], [7447.69, 1.0], [7447.31, 1.0], [7447.1, 0.748], [7445.54, 1.0]], "asks": [[7453.09, 2.0], [7453.1, 0.45], [7454.0, 0.44985717], [7455.0, 0.2], [7455.26, 1.0], [7455.51, 0.45], [7455.57, 0.004447], [7455.81, 0.9868], [7456.25, 1.0], [7459.13, 4.8]], "ts": 1571906548228}
{"bids": [[7452.93, 0.0002], [7452.91, 1e-05], [7452.86, 0.12830745], [7452.27, 0.2], [7449.09, 0.9879], [7449.06, 4.8], [7447.69, 1.0], [7447.31, 1.0], [7447.1, 0.748], [7445.54, 1.0]], "asks": [[7453.09, 2.0], [7453.1, 0.45], [7454.0, 0.44985717], [7455.0, 0.2], [7455.26, 1.0], [7455.51, 0.45], [7455.57, 0.004447], [7455.81, 0.9868], [7456.25, 1.0], [7459.13, 4.8]], "ts": 1571906548233}
{"bids": [[7452.93, 0.0002], [7452.91, 1e-05], [7452.86, 0.12830745], [7452.27, 0.2], [7449.09, 0.9879], [7449.06, 4.8], [7447.69, 1.0], [7447.31, 1.0], [7447.1, 0.748], [7445.54, 1.0]], "asks": [[7453.09, 2.0], [7453.1, 0.45], [7454.0, 0.44985717], [7455.0, 0.2], [7455.26, 1.0], [7455.51, 0.45], [7455.57, 0.004447], [7456.25, 1.0], [7459.13, 4.8]], "ts": 1571906548240}
{"bids": [[7452.93, 0.0002], [7452.91, 1e-05], [7452.86, 0.12830745], [7452.27, 0.2], [7449.09, 0.9879], [7449.06, 4.8], [7447.69, 1.0], [7447.31, 1.0], [7447.1, 0.748], [7445.54, 1.0]], "asks": [[7453.09, 2.0], [7453.1, 0.45], [7454.0, 0.44985717], [7455.0, 0.2], [7455.26, 1.0], [7455.51, 0.45], [7455.57, 0.004447], [7456.25, 1.0], [7456.35, 0.9773], [7459.13, 4.8]], "ts": 1571906548246}
{"bids": [[7452.93, 0.0002], [7452.91, 1e-05], [7452.86, 0.12830745], [7452.27, 0.2], [7449.09, 0.9879], [7449.06, 4.8], [7447.69, 1.0], [7447.31, 1.0], [7447.1, 0.748], [7445.54, 1.0]], "asks": [[7453.09, 2.0], [7453.1, 0.45], [7454.0, 0.44985717], [7455.0, 0.2], [7455.26, 1.0], [7455.51, 0.45], [7455.57, 0.004447], [7456.25, 1.0], [7456.35, 0.9773], [7459.13, 4.8]], "ts": 1571906548251}
{"bids": [[7452.93, 0.0002], [7452.91, 1e-05], [7452.86, 0.12830745], [7452.27, 0.2], [7449.09, 0.9879], [7449.06, 4.8], [7447.69, 1.0], [7447.31, 1.0], [7447.1, 0.748], [7445.54, 1.0]], "asks": [[7453.09, 2.0], [7453.1, 0.45], [7454.0, 0.44985717], [7455.0, 0.2], [7455.51, 0.45], [7455.57, 0.004447], [7456.25, 1.0], [7456.35, 0.9773], [7459.13, 4.8]], "ts": 1571906548257}
{"bids": [[7452.93, 0.0002], [7452.91, 1e-05], [7452.86, 0.12830745], [7452.27, 0.2], [7449.09, 0.9879], [7449.06, 4.8], [7447.69, 1.0], [7447.31, 1.0], [7447.1, 0.748], [7445.54, 1.0]], "asks": [[7453.09, 2.0], [7453.1, 0.45], [7454.0, 0.44985717], [7455.0, 0.2], [7455.51, 0.45], [7455.57, 0.004447], [7456.25, 1.0], [7456.35, 0.9773], [7459.13, 4.8]], "ts": 1571906548263}
{"bids": [[7452.93, 0.0002], [7452.91, 1e-05], [7452.86, 0.12830745], [7452.27, 0.2], [7449.09, 0.9879], [7449.06, 4.8], [7447.69, 1.0], [7447.31, 1.0], [7447.1, 0.748], [7445.54, 1.0]], "asks": [[7453.09, 2.0], [7453.1, 0.45], [7454.0, 0.44985717], [7455.0, 0.2], [7455.51, 0.45], [7455.57, 0.004447], [7456.25, 1.0], [7456.35, 0.9773], [7459.13, 4.8]], "ts": 1571906548268}
{"bids": [[7452.93, 0.0002], [7452.91, 1e-05], [7452.86, 0.12830745], [7452.27, 0.2], [7449.09, 0.9879], [7449.06, 4.8], [7447.69, 1.0], [7447.31, 1.0], [7447.1, 0.748], [7445.54, 1.0]], "asks": [[7453.09, 2.0], [7453.1, 0.45], [7454.0, 0.44985717], [7455.0, 0.2], [7455.11, 1.0], [7455.51, 0.45], [7455.57, 0.004447], [7456.25, 1.0], [7456.35, 0.9773], [7459.13, 4.8]], "ts": 1571906548274}
{"bids": [[7452.93, 0.0002], [7452.91, 1e-05], [7452.86, 0.12830745], [7452.27, 0.2], [7449.09, 0.9879], [7449.06, 4.8], [7447.69, 1.0], [7447.31, 1.0], [7447.1, 0.748], [7445.54, 1.0]], "asks": [[7453.09, 2.0], [7453.1, 0.45], [7454.0, 0.44985717], [7455.0, 0.2], [7455.51, 0.45], [7455.57, 0.004447], [7456.25, 1.0], [7456.35, 0.9773], [7459.13, 4.8]], "ts": 1571906548280}
{"bids": [[7452.93, 0.0002], [7452.91, 1e-05], [7452.86, 0.12830745], [7452.27, 0.2], [7449.09, 0.9879], [7449.06, 4.8], [7447.69, 1.0], [7447.31, 1.0], [7447.1, 0.748], [7445.54, 1.0]], "asks": [[7453.09, 2.0], [7453.1, 0.45], [7454.0, 0.44985717], [7455.0, 0.2], [7455.51, 0.45], [7455.57, 0.004447], [7456.25, 1.0], [7456.35, 0.9773], [7459.13, 4.8]], "ts": 1571906548286}
{"bids": [[7452.93, 0.0002], [7452.91, 1e-05], [7452.86, 0.12830745], [7452.27, 0.2], [7449.09, 0.9879], [7449.06, 4.8], [7447.69, 1.0], [7447.31, 1.0], [7447.1, 0.748], [7445.54, 1.0]], "asks": [[7453.09, 2.0], [7453.1, 0.45], [7454.0, 0.44985717], [7455.0, 0.2], [7455.51, 0.45], [7455.57, 0.004447], [7456.25, 1.0], [7459.13, 4.8]], "ts": 1571906548292}
{"bids": [[7452.93, 0.0002], [7452.91, 1e-05], [7452.86, 0.12830745], [7452.27, 0.2], [7449.09, 0.9879], [7449.06, 4.8], [7447.69, 1.0], [7447.31, 1.0], [7447.1, 0.748], [7445.54, 1.0]], "asks": [[7453.09, 2.0], [7453.1, 0.45], [7454.0, 0.44985717], [7455.0, 0.2], [7455.51, 0.45], [7455.57, 0.004447], [7456.06, 0.9755], [7456.25, 1.0], [7459.13, 4.8]], "ts": 1571906548416}
{"bids": [[7452.93, 0.0002], [7452.91, 1e-05], [7452.86, 0.12830745], [7452.27, 0.2], [7449.09, 0.9879], [7449.06, 4.8], [7447.69, 1.0], [7447.31, 1.0], [7447.1, 0.748], [7445.54, 1.0]], "asks": [[7453.09, 2.0], [7453.1, 0.45], [7454.0, 0.44985717], [7454.95, 1.0], [7455.0, 0.2], [7455.51, 0.45], [7455.57, 0.004447], [7456.06, 0.9755], [7456.25, 1.0], [7459.13, 4.8]], "ts": 1571906548422}
{"bids": [[7452.93, 0.0002], [7452.91, 1e-05], [7452.86, 0.12830745], [7452.27, 0.2], [7449.09, 0.9879], [7449.06, 4.8], [7447.69, 1.0], [7447.31, 1.0], [7447.1, 0.748], [7445.54, 1.0]], "asks": [[7453.09, 2.0], [7453.1, 0.45], [7454.0, 0.44985717], [7454.95, 1.0], [7455.0, 0.2], [7455.51, 0.45], [7455.57, 0.004447], [7456.06, 0.9755], [7456.25, 1.0], [7459.13, 4.8]], "ts": 1571906548428}
{"bids": [[7452.93, 0.0002], [7452.91, 1e-05], [7452.86, 0.12830745], [7452.27, 0.2], [7449.09, 0.9879], [7449.06, 4.8], [7447.69, 1.0], [7447.31, 1.0], [7447.1, 0.748], [7445.54, 1.0]], "asks": [[7453.09, 2.0], [7453.1, 0.45], [7454.0, 0.44985717], [7455.0, 0.2], [7455.51, 0.45], [7455.57, 0.004447], [7456.06, 0.9755], [7456.25, 1.0], [7459.13, 4.8]], "ts": 1571906548434}
{"bids": [[7452.93, 0.0002], [7452.91, 1e-05], [7452.86, 0.12830745], [7452.27, 0.2], [7449.09, 0.9879], [7449.06, 4.8], [7447.69, 1.0], [7447.31, 1.0], [7447.1, 0.748], [7445.54, 1.0]], "asks": [[7453.09, 2.0], [7453.1, 0.45], [7454.0, 0.44985717], [7455.0, 0.2], [7455.51, 0.45], [7455.57, 0.004447], [7456.06, 0.9755], [7456.25, 1.0], [7459.13, 4.8]], "ts": 1571906548441}
{"bids": [[7452.93, 0.0002], [7452.91, 1e-05], [7452.86, 0.12830745], [7452.27, 0.2], [7449.09, 0.9879], [7449.06, 4.8], [7447.69, 1.0], [7447.31, 1.0], [7447.1, 0.748], [7445.54, 1.0]], "asks": [[7453.09, 2.0], [7453.1, 0.45], [7454.0, 0.44985717], [7454.27, 1.0], [7455.0, 0.2], [7455.51, 0.45], [7455.57, 0.004447], [7456.06, 0.9755], [7456.25, 1.0], [7459.13, 4.8]], "ts": 1571906548449}
{"bids": [[7452.93, 0.0002], [7452.91, 1e-05], [7452.86, 0.12830745], [7452.27, 0.2], [7449.09, 0.9879], [7449.06, 4.8], [7447.69, 1.0], [7447.31, 1.0], [7447.1, 0.748], [7445.54, 1.0]], "asks": [[7453.09, 2.0], [7453.1, 0.45], [7454.0, 0.44985717], [7454.27, 1.0], [7455.0, 0.2], [7455.51, 0.45], [7455.57, 0.004447], [7456.06, 0.9755], [7456.25, 1.0], [7459.13, 4.8]], "ts": 1571906548455}
{"bids": [[7452.93, 0.0002], [7452.91, 1e-05], [7452.86, 0.12830745], [7452.27, 0.2], [7449.09, 0.9879], [7449.06, 4.8], [7447.69, 1.0], [7447.31, 1.0], [7447.1, 0.748], [7445.54, 1.0]], "asks": [[7453.09, 2.0], [7453.1, 0.45], [7454.0, 0.44985717], [7454.27, 1.0], [7455.0, 0.2], [7455.51, 0.45], [7455.57, 0.004447], [7456.06, 0.9755], [7456.25, 1.0], [7459.13, 4.8]], "ts": 1571906548463}
{"bids": [[7452.93, 0.0002], [7452.91, 1e-05], [7452.86, 0.12830745], [7452.27, 0.2], [7449.09, 0.9879], [7449.06, 4.8], [7447.69, 1.0], [7447.31, 1.0], [7447.1, 0.748], [7445.54, 1.0]], "asks": [[7453.09, 2.0], [7453.1, 0.45], [7454.0, 0.44985717], [7454.27, 1.0], [7455.0, 0.2], [7455.51, 0.45], [7455.57, 0.004447], [7456.06, 0.9755], [7456.25, 1.0], [7459.13, 4.8]], "ts": 1571906548468}
{"bids": [[7452.93, 0.0002], [7452.91, 1e-05], [7452.86, 0.12830745], [7452.27, 0.2], [7449.09, 0.9879], [7449.06, 4.8], [7447.69, 1.0], [7447.31, 1.0], [7447.1, 0.748], [7445.54, 1.0]], "asks": [[7453.09, 2.0], [7453.1, 0.45], [7454.0, 0.44985717], [7454.27, 1.0], [7455.0, 0.2], [7455.51, 0.45], [7455.57, 0.004447], [7456.06, 0.9755], [7456.25, 1.0], [7459.13, 4.8]], "ts": 1571906548474}
{"bids": [[7452.93, 0.0002], [7452.91, 1e-05], [7452.86, 0.12830745], [7452.27, 0.2], [7449.09, 0.9879], [7449.06, 4.8], [7447.69, 1.0], [7447.31, 1.0], [7447.1, 0.748], [7445.54, 1.0]], "asks": [[7453.09, 2.0], [7453.1, 0.45], [7454.0, 0.44985717], [7454.27, 1.0], [7455.0, 0.2], [7455.51, 0.45], [7455.57, 0.004447], [7456.06, 0.9755], [7456.25, 1.0], [7459.13, 4.8]], "ts": 1571906548481}
{"bids": [[7452.93, 0.0002], [7452.91, 1e-05], [7452.86, 0.12830745], [7452.27, 0.2], [7449.09, 0.9879], [7449.06, 4.8], [7447.69, 1.0], [7447.31, 1.0], [7447.1, 0.748], [7445.54, 1.0]], "asks": [[7453.09, 2.0], [7453.1, 0.45], [7454.0, 0.44985717], [7454.27, 1.0], [7455.0, 0.2], [7455.51, 0.45], [7455.57, 0.004447], [7456.06, 0.9755], [7456.25, 1.0], [7459.13, 4.8]], "ts": 1571906548486}
{"bids": [[7452.93, 0.0002], [7452.91, 1e-05], [7452.86, 0.12830745], [7452.27, 0.2], [7449.09, 0.9879], [7449.06, 4.8], [7447.69, 1.0], [7447.31, 1.0], [7447.1, 0.748], [7445.54, 1.0]], "asks": [[7453.09, 2.0], [7453.1, 0.45], [7454.0, 0.44985717], [7455.0, 0.2], [7455.51, 0.45], [7455.57, 0.004447], [7456.06, 0.9755], [7456.25, 1.0], [7459.13, 4.8]], "ts": 1571906548494}
{"bids": [[7452.93, 0.0002], [7452.91, 1e-05], [7452.86, 0.12830745], [7452.27, 0.2], [7449.09, 0.9879], [7449.06, 4.8], [7447.69, 1.0], [7447.31, 1.0], [7447.1, 0.748], [7445.54, 1.0]], "asks": [[7453.09, 2.0], [7453.1, 0.45], [7454.0, 0.44985717], [7455.0, 0.2], [7455.51, 0.45], [7455.57, 0.004447], [7456.06, 0.9755], [7456.25, 1.0], [7459.13, 4.8]], "ts": 1571906548499}
{"bids": [[7452.93, 0.0002], [7452.91, 1e-05], [7452.86, 0.12830745], [7452.27, 0.2], [7449.09, 0.9879], [7449.06, 4.8], [7447.69, 1.0], [7447.31, 1.0], [7447.1, 0.748], [7445.54, 1.0]], "asks": [[7453.09, 2.0], [7453.1, 0.45], [7454.0, 0.44985717], [7455.0, 0.2], [7455.51, 0.45], [7455.57, 0.004447], [7456.06, 0.9755], [7456.25, 1.0], [7459.13, 4.8]], "ts": 1571906548508}
{"bids": [[7452.93, 0.0002], [7452.91, 1e-05], [7452.86, 0.12830745], [7452.27, 0.2], [7449.09, 0.9879], [7449.06, 4.8], [7447.69, 1.0], [7447.31, 1.0], [7447.1, 0.748], [7445.54, 1.0]], "asks": [[7453.09, 2.0], [7453.1, 0.45], [7454.0, 0.44985717], [7455.0, 0.2], [7455.51, 0.45], [7455.57, 0.004447], [7456.06, 0.9755], [7456.25, 1.0], [7459.13, 4.8]], "ts": 1571906548514}
{"bids": [[7452.93, 0.0002], [7452.91, 1e-05], [7452.86, 0.12830745], [7452.27, 0.2], [7449.09, 0.9879], [7449.06, 4.8], [7447.69, 1.0], [7447.31, 1.0], [7447.1, 0.748], [7445.54, 1.0]], "asks": [[7453.09, 2.0], [7453.1, 0.45], [7454.0, 0.44985717], [7454.38, 1.0], [7455.0, 0.2], [7455.51, 0.45], [7455.57, 0.004447], [7456.06, 0.9755], [7456.25, 1.0], [7459.13, 4.8]], "ts": 1571906548519}
{"bids": [[7452.93, 0.0002], [7452.91, 1e-05], [7452.86, 0.12830745], [7452.27, 0.2], [7449.09, 0.9879], [7449.06, 4.8], [7447.69, 1.0], [7447.31, 1.0], [7447.1, 0.748], [7445.54, 1.0]], "asks": [[7453.09, 2.0], [7453.1, 0.45], [7454.0, 0.44985717], [7455.0, 0.2], [7455.51, 0.45], [7455.57, 0.004447], [7456.06, 0.9755], [7456.25, 1.0], [7459.13, 4.8]], "ts": 1571906548526}
{"bids": [[7452.93, 0.0002], [7452.91, 1e-05], [7452.86, 0.12830745], [7452.27, 0.2], [7449.09, 0.9879], [7449.06, 4.8], [7447.69, 1.0], [7447.31, 1.0], [7447.1, 0.748], [7445.54, 1.0]], "asks": [[7453.09, 2.0], [7453.1, 0.45], [7454.0, 0.44985717], [7455.0, 0.2], [7455.51, 0.45], [7455.57, 0.004447], [7456.06, 0.9755], [7456.25, 1.0], [7459.13, 4.8]], "ts": 1571906548533}
{"bids": [[7452.93, 0.0002], [7452.91, 1e-05], [7452.86, 0.12830745], [7452.27, 0.2], [7449.09, 0.9879], [7449.06, 4.8], [7447.69, 1.0], [7447.31, 1.0], [7447.1, 0.748], [7445.54, 1.0]], "asks": [[7453.09, 2.0], [7453.1, 0.45], [7454.0, 0.44985717], [7455.0, 0.2], [7455.51, 0.45], [7455.57, 0.004447], [7456.06, 0.9755], [7456.25, 1.0], [7459.13, 4.8]], "ts": 1571906548540}
{"bids": [[7452.93, 0.0002], [7452.91, 1e-05], [7452.86, 0.12830745], [7452.27, 0.2], [7449.09, 0.9879], [7449.06, 4.8], [7447.69, 1.0], [7447.31, 1.0], [7447.1, 0.748], [7445.54, 1.0]], "asks": [[7453.09, 2.0], [7453.1, 0.45], [7454.0, 0.44985717], [7454.21, 1.0], [7455.0, 0.2], [7455.51, 0.45], [7455.57, 0.004447], [7456.06, 0.9755], [7456.25, 1.0], [7459.13, 4.8]], "ts": 1571906548545}
{"bids": [[7452.93, 0.0002], [7452.91, 1e-05], [7452.86, 0.12830745], [7452.27, 0.2], [7449.09, 0.9879], [7449.06, 4.8], [7447.69, 1.0], [7447.31, 1.0], [7447.1, 0.748], [7445.54, 1.0]], "asks": [[7453.09, 2.0], [7453.1, 0.45], [7454.0, 0.44985717], [7455.0, 0.2], [7455.51, 0.45], [7455.57, 0.004447], [7456.06, 0.9755], [7456.25, 1.0], [7459.13, 4.8]], "ts": 1571906548551}
{"bids": [[7452.93, 0.0002], [7452.91, 1e-05], [7452.86, 0.12830745], [7452.27, 0.2], [7449.09, 0.9879], [7449.06, 4.8], [7447.69, 1.0], [7447.31, 1.0], [7447.1, 0.748], [7445.54, 1.0]], "asks": [[7453.1, 0.45], [7454.0, 0.44985717], [7455.0, 0.2], [7455.51, 0.45], [7455.57, 0.004447], [7456.06, 0.9755], [7456.25, 1.0], [7459.13, 4.8]], "ts": 1571906548557}
{"bids": [[7452.94, 0.1236069], [7452.93, 0.0002], [7452.91, 1e-05], [7452.86, 0.12830745], [7452.27, 0.2], [7449.09, 0.9879], [7449.06, 4.8], [7447.69, 1.0], [7447.31, 1.0], [7447.1, 0.748]], "asks": [[7453.1, 0.45], [7454.0, 0.44985717], [7455.0, 0.2], [7455.51, 0.45], [7455.57, 0.004447], [7456.06, 0.9755], [7456.25, 1.0], [7459.13, 4.8]], "ts": 1571906548563}
{"bids": [[7452.94, 0.1236069], [7452.93, 0.00012], [7452.91, 1e-05], [7452.86, 0.12830745], [7452.27, 0.2], [7449.09, 0.9879], [7449.06, 4.8], [7447.69, 1.0], [7447.31, 1.0], [7447.1, 0.748]], "asks": [[7453.1, 0.45], [7454.0, 0.44985717], [7455.0, 0.2], [7455.51, 0.45], [7455.57, 0.004447], [7456.06, 0.9755], [7456.25, 1.0], [7459.13, 4.8]], "ts": 1571906548569}
{"bids": [[7452.94, 0.1236869], [7452.93, 0.00012], [7452.91, 1e-05], [7452.86, 0.12830745], [7452.27, 0.2], [7449.09, 0.9879], [7449.06, 4.8], [7447.69, 1.0], [7447.31, 1.0], [7447.1, 0.748]], "asks": [[7453.1, 0.45], [7454.0, 0.44985717], [7455.0, 0.2], [7455.51, 0.45], [7455.57, 0.004447], [7456.06, 0.9755], [7456.25, 1.0], [7459.13, 4.8]], "ts": 1571906548575}
{"bids": [[7452.94, 0.1236869], [7452.91, 1e-05], [7452.86, 0.12830745], [7452.27, 0.2], [7449.09, 0.9879], [7449.06, 4.8], [7447.69, 1.0], [7447.31, 1.0], [7447.1, 0.748]], "asks": [[7453.1, 0.45], [7454.0, 0.44985717], [7455.0, 0.2], [7455.51, 0.45], [7455.57, 0.004447], [7456.06, 0.9755], [7456.25, 1.0], [7459.13, 4.8]], "ts": 1571906548584}
{"bids": [[7452.94, 0.1238069], [7452.91, 1e-05], [7452.86, 0.12830745], [7452.27, 0.2], [7449.09, 0.9879], [7449.06, 4.8], [7447.69, 1.0], [7447.31, 1.0], [7447.1, 0.748]], "asks": [[7453.1, 0.45], [7454.0, 0.44985717], [7455.0, 0.2], [7455.51, 0.45], [7455.57, 0.004447], [7456.06, 0.9755], [7456.25, 1.0], [7459.13, 4.8]], "ts": 1571906548590}
{"bids": [[7452.95, 2.0], [7452.94, 0.1238069], [7452.91, 1e-05], [7452.86, 0.12830745], [7452.27, 0.2], [7449.09, 0.9879], [7449.06, 4.8], [7447.69, 1.0], [7447.31, 1.0], [7447.1, 0.748]], "asks": [[7453.1, 0.45], [7454.0, 0.44985717], [7455.0, 0.2], [7455.51, 0.45], [7455.57, 0.004447], [7456.06, 0.9755], [7456.25, 1.0], [7459.13, 4.8]], "ts": 1571906548596}
{"bids": [[7452.95, 2.0], [7452.94, 0.1238069], [7452.91, 1e-05], [7452.86, 0.12830745], [7449.09, 0.9879], [7449.06, 4.8], [7447.69, 1.0], [7447.31, 1.0], [7447.1, 0.748]], "asks": [[7453.1, 0.45], [7454.0, 0.44985717], [7455.0, 0.2], [7455.51, 0.45], [7455.57, 0.004447], [7456.06, 0.9755], [7456.25, 1.0], [7459.13, 4.8]], "ts": 1571906548601}
{"bids": [[7452.95, 2.0], [7452.94, 0.1238069], [7452.91, 1e-05], [7452.86, 0.12830745], [7449.09, 0.9879], [7449.06, 4.8], [7447.69, 1.0], [7447.31, 1.0], [7447.1, 0.748]], "asks": [[7453.1, 0.45], [7454.0, 0.44985717], [7455.51, 0.45], [7455.57, 0.004447], [7456.06, 0.9755], [7456.25, 1.0], [7459.13, 4.8]], "ts": 1571906548608}
{"bids": [[7452.95, 2.0], [7452.94, 0.1236869], [7452.91, 1e-05], [7452.86, 0.12830745], [7449.09, 0.9879], [7449.06, 4.8], [7447.69, 1.0], [7447.31, 1.0], [7447.1, 0.748]], "asks": [[7453.1, 0.45], [7454.0, 0.44985717], [7455.51, 0.45], [7455.57, 0.004447], [7456.06, 0.9755], [7456.25, 1.0], [7459.13, 4.8]], "ts": 1571906548617}
{"bids": [[7452.95, 2.00012], [7452.94, 0.1236869], [7452.91, 1e-05], [7452.86, 0.12830745], [7449.09, 0.9879], [7449.06, 4.8], [7447.69, 1.0], [7447.31, 1.0], [7447.1, 0.748]], "asks": [[7453.1, 0.45], [7454.0, 0.44985717], [7455.51, 0.45], [7455.57, 0.004447], [7456.06, 0.9755], [7456.25, 1.0], [7459.13, 4.8]], "ts": 1571906548622}
{"bids": [[7452.95, 2.00012], [7452.94, 0.1236869], [7452.93, 0.2], [7452.91, 1e-05], [7452.86, 0.12830745], [7449.09, 0.9879], [7449.06, 4.8], [7447.69, 1.0], [7447.31, 1.0], [7447.1, 0.748]], "asks": [[7453.1, 0.45], [7454.0, 0.44985717], [7455.51, 0.45], [7455.57, 0.004447], [7456.06, 0.9755], [7456.25, 1.0], [7459.13, 4.8]], "ts": 1571906548628}
{"bids": [[7452.95, 2.00012], [7452.94, 0.1236869], [7452.93, 0.2], [7452.91, 1e-05], [7452.86, 0.12830745], [7449.09, 0.9879], [7449.06, 4.8], [7447.69, 1.0], [7447.31, 1.0], [7447.1, 0.748]], "asks": [[7453.1, 0.45], [7454.0, 0.44985717], [7455.51, 0.45], [7455.57, 0.004447], [7455.65, 0.2], [7456.06, 0.9755], [7456.25, 1.0], [7459.13, 4.8]], "ts": 1571906548635}
{"bids": [[7452.95, 2.00012], [7452.94, 0.1236069], [7452.93, 0.2], [7452.91, 1e-05], [7452.86, 0.12830745], [7449.09, 0.9879], [7449.06, 4.8], [7447.69, 1.0], [7447.31, 1.0], [7447.1, 0.748]], "asks": [[7453.1, 0.45], [7454.0, 0.44985717], [7455.51, 0.45], [7455.57, 0.004447], [7455.65, 0.2], [7456.06, 0.9755], [7456.25, 1.0], [7459.13, 4.8]], "ts": 1571906548641}
{"bids": [[7452.95, 2.0002], [7452.94, 0.1236069], [7452.93, 0.2], [7452.91, 1e-05], [7452.86, 0.12830745], [7449.09, 0.9879], [7449.06, 4.8], [7447.69, 1.0], [7447.31, 1.0], [7447.1, 0.748]], "asks": [[7453.1, 0.45], [7454.0, 0.44985717], [7455.51, 0.45], [7455.57, 0.004447], [7455.65, 0.2], [7456.06, 0.9755], [7456.25, 1.0], [7459.13, 4.8]], "ts": 1571906548648}
{"bids": [[7452.95, 2.0002], [7452.94, 0.1236069], [7452.93, 0.2], [7452.91, 1e-05], [7452.86, 0.12830745], [7449.09, 0.9879], [7449.06, 4.8], [7447.69, 1.0], [7447.31, 1.0], [7447.1, 0.748]], "asks": [[7453.1, 0.45], [7454.0, 0.44985717], [7455.51, 0.45], [7455.57, 0.004447], [7455.65, 0.2], [7456.06, 0.9755], [7456.25, 1.0], [7459.13, 4.8]], "ts": 1571906548654}
{"bids": [[7452.95, 2.0002], [7452.94, 0.1236069], [7452.93, 0.2], [7452.91, 1e-05], [7452.86, 0.12830745], [7449.09, 0.9879], [7449.06, 4.8], [7447.69, 1.0], [7447.31, 1.0], [7447.1, 0.748]], "asks": [[7453.1, 0.45], [7454.0, 0.44985717], [7454.64, 1.0], [7455.51, 0.45], [7455.57, 0.004447], [7455.65, 0.2], [7456.06, 0.9755], [7456.25, 1.0], [7459.13, 4.8]], "ts": 1571906548662}
{"bids": [[7452.95, 2.0002], [7452.94, 0.1236069], [7452.93, 0.2], [7452.91, 1e-05], [7452.86, 0.12830745], [7449.09, 0.9879], [7447.69, 1.0], [7447.31, 1.0], [7447.1, 0.748]], "asks": [[7453.1, 0.45], [7454.0, 0.44985717], [7454.64, 1.0], [7455.51, 0.45], [7455.57, 0.004447], [7455.65, 0.2], [7456.06, 0.9755], [7456.25, 1.0], [7459.13, 4.8]], "ts": 1571906548670}
